date_time,price,volume
2009-09-28 09:30:00,50.79,100.0
2009-09-28 09:30:00,50.71,638.0
2009-09-28 09:31:32,50.75,100.0
2009-09-28 09:31:33,50.75,100.0
2009-09-28 09:31:50,50.75,300.0
2009-09-28 09:31:51,50.75,300.0
2009-09-28 09:32:06,50.78,300.0
2009-09-28 09:32:06,50.78,500.0
2009-09-28 09:32:06,50.78,100.0
2009-09-28 09:32:56,50.8226,100.0
2009-09-28 09:33:02,50.81,500.0
2009-09-28 09:33:02,50.81,300.0
2009-09-28 09:33:08,50.82,500.0
2009-09-28 09:33:08,50.82,298.0
2009-09-28 09:33:35,50.81,100.0
2009-09-28 09:33:54,50.82,100.0
2009-09-28 09:33:54,50.82,400.0
2009-09-28 09:34:58,50.8,100.0
2009-09-28 09:34:58,50.8,200.0
2009-09-28 09:36:32,50.85,300.0
2009-09-28 09:37:22,50.834,200.0
2009-09-28 09:37:29,50.82,400.0
2009-09-28 09:37:29,50.82,300.0
2009-09-28 09:37:33,50.8299,166.0
2009-09-28 09:38:28,50.81,195.0
2009-09-28 09:38:32,50.81,300.0
2009-09-28 09:38:32,50.81,400.0
2009-09-28 09:38:32,50.81,300.0
2009-09-28 09:40:00,50.81,157.0
2009-09-28 09:40:03,50.8,100.0
2009-09-28 09:40:20,50.798,122.0
2009-09-28 09:40:44,50.7833,168.0
2009-09-28 09:41:33,50.8,100.0
2009-09-28 09:41:53,50.84,100.0
2009-09-28 09:41:53,50.84,200.0
2009-09-28 09:42:17,50.85,100.0
2009-09-28 09:42:29,50.83,300.0
2009-09-28 09:43:02,50.84,100.0
2009-09-28 09:43:08,50.87,300.0
2009-09-28 09:43:20,50.87,100.0
2009-09-28 09:44:09,50.91,1100.0
2009-09-28 09:44:09,50.91,400.0
2009-09-28 09:44:15,50.92,100.0
2009-09-28 09:44:24,50.92,100.0
2009-09-28 09:44:24,50.93,1000.0
2009-09-28 09:45:01,51.0,100.0
2009-09-28 09:45:02,51.02,402.0
2009-09-28 09:45:03,51.02,170.0
2009-09-28 09:45:03,51.02,428.0
2009-09-28 09:45:03,51.05,100.0
2009-09-28 09:45:15,51.06,100.0
2009-09-28 09:45:16,51.05,100.0
2009-09-28 09:46:34,51.07,100.0
2009-09-28 09:46:34,51.06,1200.0
2009-09-28 09:46:34,51.06,400.0
2009-09-28 09:46:34,51.07,200.0
2009-09-28 09:46:34,51.07,100.0
2009-09-28 09:46:34,51.07,300.0
2009-09-28 09:46:34,51.07,200.0
2009-09-28 09:46:34,51.07,900.0
2009-09-28 09:46:35,51.07,2000.0
2009-09-28 09:46:35,51.07,900.0
2009-09-28 09:46:35,51.07,3300.0
2009-09-28 09:46:35,51.07,100.0
2009-09-28 09:47:12,51.05,100.0
2009-09-28 09:47:20,51.06,100.0
2009-09-28 09:47:20,51.06,1000.0
2009-09-28 09:47:20,51.06,300.0
2009-09-28 09:47:22,51.06,100.0
2009-09-28 09:47:22,51.06,200.0
2009-09-28 09:47:22,51.06,500.0
2009-09-28 09:47:22,51.06,400.0
2009-09-28 09:47:23,51.06,600.0
2009-09-28 09:47:38,51.07,300.0
2009-09-28 09:47:38,51.07,100.0
2009-09-28 09:47:38,51.07,1000.0
2009-09-28 09:47:45,51.1,600.0
2009-09-28 09:48:06,51.11,100.0
2009-09-28 09:48:06,51.11,300.0
2009-09-28 09:48:06,51.12,200.0
2009-09-28 09:48:06,51.12,100.0
2009-09-28 09:49:43,51.07,100.0
2009-09-28 09:49:55,51.07,300.0
2009-09-28 09:49:55,51.07,100.0
2009-09-28 09:50:05,51.0988,159.0
2009-09-28 09:50:25,51.1082,300.0
2009-09-28 09:50:39,51.12,100.0
2009-09-28 09:50:39,51.12,200.0
2009-09-28 09:50:58,51.148,115.0
2009-09-28 09:51:00,51.11,100.0
2009-09-28 09:51:00,51.11,100.0
2009-09-28 09:51:01,51.13,100.0
2009-09-28 09:52:29,51.1265,250.0
2009-09-28 09:52:32,51.13,100.0
2009-09-28 09:52:37,51.101000000000006,100.0
2009-09-28 09:52:41,51.1246,1000.0
2009-09-28 09:52:47,51.13,2000.0
2009-09-28 09:52:56,51.14,100.0
2009-09-28 09:52:57,51.15,100.0
2009-09-28 09:53:14,51.15,100.0
2009-09-28 09:53:42,51.13,100.0
2009-09-28 09:53:47,51.13,1300.0
2009-09-28 09:53:47,51.13,600.0
2009-09-28 09:53:48,51.13,400.0
2009-09-28 09:53:49,51.13,500.0
2009-09-28 09:53:49,51.14,100.0
2009-09-28 09:53:49,51.14,500.0
2009-09-28 09:53:49,51.14,2000.0
2009-09-28 09:53:49,51.14,1751.0
2009-09-28 09:53:52,51.13,100.0
2009-09-28 09:54:28,51.13,300.0
2009-09-28 09:54:31,51.13,200.0
2009-09-28 09:54:35,51.13,1500.0
2009-09-28 09:54:36,51.13,100.0
2009-09-28 09:54:36,51.13,400.0
2009-09-28 09:54:36,51.13,500.0
2009-09-28 09:54:36,51.13,1000.0
2009-09-28 09:54:36,51.13,300.0
2009-09-28 09:54:36,51.13,100.0
2009-09-28 09:54:36,51.13,200.0
2009-09-28 09:54:36,51.129,100.0
2009-09-28 09:54:38,51.13,2000.0
2009-09-28 09:54:38,51.13,305.0
2009-09-28 09:54:38,51.13,295.0
2009-09-28 09:54:38,51.14,1500.0
2009-09-28 09:54:39,51.14,400.0
2009-09-28 09:54:39,51.14,600.0
2009-09-28 09:54:40,51.14,1100.0
2009-09-28 09:54:40,51.14,1300.0
2009-09-28 09:54:41,51.14,700.0
2009-09-28 09:54:43,51.14,300.0
2009-09-28 09:54:43,51.14,200.0
2009-09-28 09:54:43,51.14,752.0
2009-09-28 09:54:43,51.139,100.0
2009-09-28 09:54:43,51.14,1295.0
2009-09-28 09:54:44,51.15,600.0
2009-09-28 09:55:09,51.14,100.0
2009-09-28 09:55:09,51.14,800.0
2009-09-28 09:55:26,51.14,100.0
2009-09-28 09:55:26,51.14,200.0
2009-09-28 09:55:26,51.14,216.0
2009-09-28 09:55:26,51.14,108.0
2009-09-28 09:55:26,51.14,100.0
2009-09-28 09:55:26,51.14,400.0
2009-09-28 09:55:46,51.1199,100.0
2009-09-28 09:55:50,51.1124,565.0
2009-09-28 09:56:33,51.1,100.0
2009-09-28 09:56:33,51.11,100.0
2009-09-28 09:56:39,51.09,200.0
2009-09-28 09:57:17,51.09,400.0
2009-09-28 09:57:44,51.1,100.0
2009-09-28 09:57:44,51.09,100.0
2009-09-28 09:57:44,51.1,100.0
2009-09-28 09:57:44,51.08,100.0
2009-09-28 09:57:46,51.08,100.0
2009-09-28 09:57:48,51.1,300.0
2009-09-28 09:57:55,51.08,100.0
2009-09-28 09:58:26,51.08,100.0
2009-09-28 09:58:26,51.08,100.0
2009-09-28 09:58:26,51.08,200.0
2009-09-28 09:58:26,51.08,400.0
2009-09-28 09:58:26,51.08,700.0
2009-09-28 09:58:47,51.09,300.0
2009-09-28 09:58:47,51.09,100.0
2009-09-28 09:59:32,51.1,100.0
2009-09-28 10:00:03,51.15,500.0
2009-09-28 10:00:08,51.1601,400.0
2009-09-28 10:00:13,51.1901,600.0
2009-09-28 10:00:13,51.1901,100.0
2009-09-28 10:00:15,51.21,400.0
2009-09-28 10:00:21,51.21,200.0
2009-09-28 10:00:21,51.21,100.0
2009-09-28 10:00:31,51.2,100.0
2009-09-28 10:00:38,51.21,200.0
2009-09-28 10:00:38,51.21,100.0
2009-09-28 10:00:46,51.2,100.0
2009-09-28 10:00:46,51.2,100.0
2009-09-28 10:01:05,51.2588,250.0
2009-09-28 10:01:05,51.26,500.0
2009-09-28 10:01:06,51.23,100.0
2009-09-28 10:01:06,51.2301,600.0
2009-09-28 10:01:06,51.2301,2100.0
2009-09-28 10:01:06,51.2591,800.0
2009-09-28 10:01:06,51.26,100.0
2009-09-28 10:01:06,51.25899999999999,200.0
2009-09-28 10:01:06,51.25899999999999,100.0
2009-09-28 10:01:06,51.2401,100.0
2009-09-28 10:01:17,51.23,100.0
2009-09-28 10:01:17,51.23,100.0
2009-09-28 10:02:06,51.24,100.0
2009-09-28 10:02:14,51.23,100.0
2009-09-28 10:02:28,51.2301,204.0
2009-09-28 10:02:48,51.25,200.0
2009-09-28 10:02:48,51.25,100.0
2009-09-28 10:02:48,51.25,700.0
2009-09-28 10:02:49,51.24,100.0
2009-09-28 10:02:49,51.25,500.0
2009-09-28 10:02:49,51.25,300.0
2009-09-28 10:02:51,51.25,1000.0
2009-09-28 10:02:52,51.25,2000.0
2009-09-28 10:02:52,51.25,4300.0
2009-09-28 10:02:52,51.25,200.0
2009-09-28 10:02:52,51.26,100.0
2009-09-28 10:02:52,51.26,800.0
2009-09-28 10:02:52,51.26,200.0
2009-09-28 10:02:52,51.25,100.0
2009-09-28 10:02:52,51.25,400.0
2009-09-28 10:02:52,51.26,100.0
2009-09-28 10:02:52,51.26,900.0
2009-09-28 10:02:52,51.25899999999999,100.0
2009-09-28 10:02:53,51.25,2000.0
2009-09-28 10:02:53,51.26,108.0
2009-09-28 10:02:54,51.25,1300.0
2009-09-28 10:02:54,51.25,400.0
2009-09-28 10:03:27,51.27,100.0
2009-09-28 10:03:27,51.27,100.0
2009-09-28 10:03:31,51.28,302.0
2009-09-28 10:03:59,51.26,100.0
2009-09-28 10:04:04,51.26,100.0
2009-09-28 10:04:04,51.26,200.0
2009-09-28 10:04:13,51.28,100.0
2009-09-28 10:04:13,51.28,300.0
2009-09-28 10:04:23,51.26,200.0
2009-09-28 10:05:50,51.21,100.0
2009-09-28 10:05:59,51.22,100.0
2009-09-28 10:05:59,51.21,100.0
2009-09-28 10:06:00,51.19,100.0
2009-09-28 10:06:04,51.19,100.0
2009-09-28 10:06:18,51.1982,900.0
2009-09-28 10:07:01,51.24,800.0
2009-09-28 10:07:01,51.24,200.0
2009-09-28 10:07:58,51.2786,850.0
2009-09-28 10:08:03,51.27,200.0
2009-09-28 10:08:18,51.26,100.0
2009-09-28 10:08:25,51.2691,120.0
2009-09-28 10:08:36,51.261,365.0
2009-09-28 10:08:38,51.262,700.0
2009-09-28 10:09:02,51.27,400.0
2009-09-28 10:09:02,51.27,1200.0
2009-09-28 10:09:02,51.27,100.0
2009-09-28 10:09:02,51.28,200.0
2009-09-28 10:09:03,51.27,108.0
2009-09-28 10:09:03,51.27,392.0
2009-09-28 10:09:04,51.28,200.0
2009-09-28 10:09:05,51.29,104.0
2009-09-28 10:09:05,51.28,100.0
2009-09-28 10:09:05,51.29,100.0
2009-09-28 10:09:08,51.28,100.0
2009-09-28 10:09:36,51.28,100.0
2009-09-28 10:09:47,51.28,100.0
2009-09-28 10:09:53,51.288,370.0
2009-09-28 10:09:55,51.27,400.0
2009-09-28 10:10:18,51.29,100.0
2009-09-28 10:10:21,51.29,4500.0
2009-09-28 10:10:21,51.29,1100.0
2009-09-28 10:11:17,51.2674,200.0
2009-09-28 10:12:21,51.258,195.0
2009-09-28 10:12:47,51.26,100.0
2009-09-28 10:13:45,51.26,2000.0
2009-09-28 10:13:45,51.26,1800.0
2009-09-28 10:14:10,51.26,2000.0
2009-09-28 10:14:10,51.26,3200.0
2009-09-28 10:14:10,51.26,500.0
2009-09-28 10:14:10,51.26,800.0
2009-09-28 10:14:11,51.26,200.0
2009-09-28 10:14:15,51.26,308.0
2009-09-28 10:14:16,51.258,1000.0
2009-09-28 10:14:17,51.26,700.0
2009-09-28 10:14:18,51.25,1800.0
2009-09-28 10:14:19,51.25,100.0
2009-09-28 10:14:19,51.25,200.0
2009-09-28 10:14:19,51.25,100.0
2009-09-28 10:14:35,51.25,592.0
2009-09-28 10:16:15,51.24,100.0
2009-09-28 10:16:15,51.24,400.0
2009-09-28 10:17:21,51.261,100.0
2009-09-28 10:17:30,51.2691,100.0
2009-09-28 10:17:55,51.24,200.0
2009-09-28 10:18:33,51.2391,200.0
2009-09-28 10:18:48,51.23,100.0
2009-09-28 10:18:48,51.21,400.0
2009-09-28 10:19:10,51.22,400.0
2009-09-28 10:19:10,51.22,100.0
2009-09-28 10:19:11,51.22,400.0
2009-09-28 10:19:36,51.23,100.0
2009-09-28 10:19:36,51.23,336.0
2009-09-28 10:19:50,51.21,100.0
2009-09-28 10:20:02,51.208,200.0
2009-09-28 10:20:06,51.21,200.0
2009-09-28 10:20:14,51.23,300.0
2009-09-28 10:20:14,51.23,200.0
2009-09-28 10:20:14,51.23,600.0
2009-09-28 10:20:14,51.23,1100.0
2009-09-28 10:20:14,51.22,100.0
2009-09-28 10:20:33,51.21,100.0
2009-09-28 10:20:33,51.21,200.0
2009-09-28 10:21:29,51.1873,800.0
2009-09-28 10:21:51,51.19,200.0
2009-09-28 10:22:23,51.2,500.0
2009-09-28 10:22:24,51.1961,1100.0
2009-09-28 10:23:06,51.25,500.0
2009-09-28 10:23:38,51.25,300.0
2009-09-28 10:23:38,51.2499,200.0
2009-09-28 10:23:39,51.25,600.0
2009-09-28 10:23:41,51.25,1200.0
2009-09-28 10:23:42,51.26,300.0
2009-09-28 10:23:42,51.26,400.0
2009-09-28 10:23:43,51.26,1000.0
2009-09-28 10:24:00,51.26,200.0
2009-09-28 10:24:01,51.25,300.0
2009-09-28 10:24:01,51.25,700.0
2009-09-28 10:24:02,51.25,4600.0
2009-09-28 10:24:02,51.2599,600.0
2009-09-28 10:24:04,51.25,500.0
2009-09-28 10:24:04,51.25,1800.0
2009-09-28 10:24:23,51.25,1300.0
2009-09-28 10:24:23,51.246,400.0
2009-09-28 10:24:24,51.249,100.0
2009-09-28 10:24:29,51.24,100.0
2009-09-28 10:24:29,51.2425,100.0
2009-09-28 10:24:29,51.24,400.0
2009-09-28 10:24:29,51.245,100.0
2009-09-28 10:24:59,51.2482,600.0
2009-09-28 10:26:10,51.255,341.0
2009-09-28 10:26:18,51.251000000000005,100.0
2009-09-28 10:26:24,51.25,200.0
2009-09-28 10:26:37,51.23,200.0
2009-09-28 10:28:50,51.23,400.0
2009-09-28 10:30:02,51.2665,255.0
2009-09-28 10:30:06,51.27,1000.0
2009-09-28 10:30:06,51.28,600.0
2009-09-28 10:30:08,51.29,400.0
2009-09-28 10:30:08,51.29,300.0
2009-09-28 10:30:08,51.29,155.0
2009-09-28 10:30:08,51.29,600.0
2009-09-28 10:30:08,51.29,100.0
2009-09-28 10:30:12,51.2844,432.0
2009-09-28 10:30:22,51.29,100.0
2009-09-28 10:30:22,51.29,200.0
2009-09-28 10:31:09,51.3,500.0
2009-09-28 10:31:18,51.32,100.0
2009-09-28 10:31:19,51.32,144.0
2009-09-28 10:31:24,51.338,605.0
2009-09-28 10:31:27,51.321000000000005,452.0
2009-09-28 10:31:30,51.32,200.0
2009-09-28 10:31:30,51.32,100.0
2009-09-28 10:31:30,51.31,100.0
2009-09-28 10:31:30,51.32,100.0
2009-09-28 10:31:44,51.35,100.0
2009-09-28 10:31:44,51.35,800.0
2009-09-28 10:31:44,51.35,300.0
2009-09-28 10:31:44,51.35,200.0
2009-09-28 10:31:45,51.35,400.0
2009-09-28 10:31:45,51.35,700.0
2009-09-28 10:31:45,51.35,500.0
2009-09-28 10:31:45,51.35,500.0
2009-09-28 10:31:45,51.35,300.0
2009-09-28 10:31:45,51.37,100.0
2009-09-28 10:31:45,51.38,100.0
2009-09-28 10:31:45,51.38,200.0
2009-09-28 10:31:45,51.379,100.0
2009-09-28 10:31:45,51.379,200.0
2009-09-28 10:32:01,51.3797,100.0
2009-09-28 10:32:01,51.38,400.0
2009-09-28 10:32:01,51.3792,1100.0
2009-09-28 10:32:01,51.38,700.0
2009-09-28 10:32:06,51.36,200.0
2009-09-28 10:32:06,51.36,300.0
2009-09-28 10:32:06,51.36,100.0
2009-09-28 10:32:06,51.36,200.0
2009-09-28 10:32:06,51.36,100.0
2009-09-28 10:32:06,51.36,300.0
2009-09-28 10:32:07,51.36,100.0
2009-09-28 10:32:07,51.36,200.0
2009-09-28 10:32:09,51.34,100.0
2009-09-28 10:32:11,51.34,200.0
2009-09-28 10:32:12,51.34,200.0
2009-09-28 10:32:35,51.3588,100.0
2009-09-28 10:33:04,51.34,200.0
2009-09-28 10:33:32,51.34,100.0
2009-09-28 10:34:30,51.33,100.0
2009-09-28 10:34:30,51.33,200.0
2009-09-28 10:34:30,51.33,100.0
2009-09-28 10:34:30,51.33,700.0
2009-09-28 10:34:39,51.3335,653.0
2009-09-28 10:34:57,51.3391,600.0
2009-09-28 10:35:12,51.35,1100.0
2009-09-28 10:35:12,51.35,741.0
2009-09-28 10:35:13,51.35,159.0
2009-09-28 10:35:19,51.35,100.0
2009-09-28 10:35:19,51.34,100.0
2009-09-28 10:35:19,51.34,200.0
2009-09-28 10:35:19,51.33,100.0
2009-09-28 10:35:22,51.35,100.0
2009-09-28 10:35:43,51.3348,300.0
2009-09-28 10:36:48,51.36,100.0
2009-09-28 10:36:48,51.36,100.0
2009-09-28 10:36:57,51.35,400.0
2009-09-28 10:37:43,51.37,100.0
2009-09-28 10:38:44,51.365,100.0
2009-09-28 10:38:44,51.365,100.0
2009-09-28 10:38:54,51.3344,189.0
2009-09-28 10:39:55,51.3182,389.0
2009-09-28 10:41:04,51.3192,104.0
2009-09-28 10:41:10,51.32,400.0
2009-09-28 10:41:12,51.31,100.0
2009-09-28 10:41:12,51.31,200.0
2009-09-28 10:41:12,51.315,100.0
2009-09-28 10:41:12,51.31,1200.0
2009-09-28 10:41:32,51.32,300.0
2009-09-28 10:41:32,51.32,400.0
2009-09-28 10:41:57,51.33,200.0
2009-09-28 10:42:27,51.32,200.0
2009-09-28 10:42:28,51.33,100.0
2009-09-28 10:43:04,51.34,100.0
2009-09-28 10:43:13,51.33,100.0
2009-09-28 10:43:13,51.32,100.0
2009-09-28 10:43:13,51.33,233.0
2009-09-28 10:43:15,51.31,200.0
2009-09-28 10:43:23,51.33,294.0
2009-09-28 10:44:02,51.33,100.0
2009-09-28 10:44:48,51.32,5000.0
2009-09-28 10:45:25,51.32,4700.0
2009-09-28 10:48:52,51.3,100.0
2009-09-28 10:48:53,51.3,200.0
2009-09-28 10:49:00,51.318000000000005,150.0
2009-09-28 10:49:07,51.3,100.0
2009-09-28 10:52:56,51.31,340.0
2009-09-28 10:53:46,51.33,1500.0
2009-09-28 10:55:12,51.27,100.0
2009-09-28 10:57:18,51.2891,300.0
2009-09-28 10:57:21,51.28,400.0
2009-09-28 10:57:21,51.28,400.0
2009-09-28 10:57:22,51.27,363.0
2009-09-28 10:58:00,51.27,100.0
2009-09-28 10:58:05,51.29,1200.0
2009-09-28 11:00:12,51.2891,100.0
2009-09-28 11:00:26,51.29,233.0
2009-09-28 11:00:26,51.29,800.0
2009-09-28 11:00:36,51.3,100.0
2009-09-28 11:00:36,51.31,100.0
2009-09-28 11:00:40,51.3246,770.0
2009-09-28 11:00:41,51.31,100.0
2009-09-28 11:00:41,51.31,100.0
2009-09-28 11:01:05,51.32,100.0
2009-09-28 11:01:06,51.3199,100.0
2009-09-28 11:02:24,51.2991,700.0
2009-09-28 11:02:36,51.3,800.0
2009-09-28 11:02:50,51.3175,800.0
2009-09-28 11:03:18,51.3,600.0
2009-09-28 11:06:52,51.33,300.0
2009-09-28 11:07:06,51.331,100.0
2009-09-28 11:07:26,51.34,100.0
2009-09-28 11:07:26,51.34,2000.0
2009-09-28 11:07:27,51.34,100.0
2009-09-28 11:07:35,51.34,316.0
2009-09-28 11:07:35,51.34,1684.0
2009-09-28 11:07:36,51.34,2000.0
2009-09-28 11:07:37,51.34,1450.0
2009-09-28 11:09:17,51.345,100.0
2009-09-28 11:09:51,51.348,113.0
2009-09-28 11:10:10,51.3492,339.0
2009-09-28 11:10:13,51.341,100.0
2009-09-28 11:10:33,51.34,100.0
2009-09-28 11:10:57,51.338,134.0
2009-09-28 11:13:07,51.3118,395.0
2009-09-28 11:13:49,51.3299,100.0
2009-09-28 11:13:49,51.33,500.0
2009-09-28 11:13:50,51.3296,400.0
2009-09-28 11:14:22,51.3253,119.0
2009-09-28 11:15:19,51.3197,105.0
2009-09-28 11:15:20,51.32,1100.0
2009-09-28 11:16:14,51.3295,415.0
2009-09-28 11:18:40,51.317,1230.0
2009-09-28 11:18:43,51.3199,100.0
2009-09-28 11:19:00,51.31100000000001,100.0
2009-09-28 11:19:06,51.32,153.0
2009-09-28 11:19:43,51.3009,128.0
2009-09-28 11:20:32,51.3,500.0
2009-09-28 11:21:25,51.33,300.0
2009-09-28 11:21:57,51.3391,100.0
2009-09-28 11:22:01,51.35,200.0
2009-09-28 11:22:01,51.35,700.0
2009-09-28 11:22:56,51.35,100.0
2009-09-28 11:22:56,51.35,227.0
2009-09-28 11:22:56,51.35,100.0
2009-09-28 11:22:56,51.35,500.0
2009-09-28 11:22:58,51.35,400.0
2009-09-28 11:22:58,51.35,300.0
2009-09-28 11:22:58,51.35,107.0
2009-09-28 11:22:58,51.35,432.0
2009-09-28 11:22:58,51.35,500.0
2009-09-28 11:22:58,51.35,108.0
2009-09-28 11:22:58,51.35,153.0
2009-09-28 11:22:58,51.35,400.0
2009-09-28 11:22:58,51.34,4618.0
2009-09-28 11:23:02,51.3581,500.0
2009-09-28 11:23:50,51.3548,477.0
2009-09-28 11:24:15,51.3346,292.0
2009-09-28 11:24:29,51.32,2000.0
2009-09-28 11:24:29,51.33,653.0
2009-09-28 11:24:29,51.32,9000.0
2009-09-28 11:24:43,51.38,100.0
2009-09-28 11:24:48,51.36,200.0
2009-09-28 11:24:49,51.36,100.0
2009-09-28 11:25:21,51.3277,146.0
2009-09-28 11:25:36,51.32899999999999,200.0
2009-09-28 11:26:32,51.32,600.0
2009-09-28 11:26:59,51.3385,107.0
2009-09-28 11:28:26,51.3594,200.0
2009-09-28 11:28:40,51.3474,300.0
2009-09-28 11:28:48,51.35,966.0
2009-09-28 11:28:48,51.35,1034.0
2009-09-28 11:28:49,51.35,2000.0
2009-09-28 11:28:50,51.35,1700.0
2009-09-28 11:29:23,51.35,200.0
2009-09-28 11:29:27,51.3591,100.0
2009-09-28 11:30:01,51.3648,400.0
2009-09-28 11:30:44,51.37,400.0
2009-09-28 11:30:44,51.37,100.0
2009-09-28 11:30:44,51.38,100.0
2009-09-28 11:30:48,51.38,300.0
2009-09-28 11:30:48,51.39,100.0
2009-09-28 11:30:52,51.4,100.0
2009-09-28 11:30:52,51.41,100.0
2009-09-28 11:30:52,51.4,100.0
2009-09-28 11:31:17,51.4161,750.0
2009-09-28 11:31:23,51.4161,825.0
2009-09-28 11:31:36,51.4161,800.0
2009-09-28 11:31:47,51.3976,494.0
2009-09-28 11:31:51,51.391000000000005,100.0
2009-09-28 11:32:14,51.39,164.0
2009-09-28 11:32:38,51.3876,226.0
2009-09-28 11:32:58,51.3991,800.0
2009-09-28 11:33:37,51.391000000000005,652.0
2009-09-28 11:33:43,51.4013,100.0
2009-09-28 11:33:43,51.401,100.0
2009-09-28 11:33:43,51.401,309.0
2009-09-28 11:33:43,51.401,300.0
2009-09-28 11:34:21,51.3786,500.0
2009-09-28 11:34:45,51.3831,100.0
2009-09-28 11:34:45,51.38,200.0
2009-09-28 11:34:45,51.381,205.0
2009-09-28 11:34:47,51.382,200.0
2009-09-28 11:35:26,51.4,100.0
2009-09-28 11:35:29,51.387,1140.0
2009-09-28 11:35:31,51.396,510.0
2009-09-28 11:35:34,51.396,900.0
2009-09-28 11:35:59,51.3844,169.0
2009-09-28 11:36:29,51.3748,100.0
2009-09-28 11:37:06,51.3773,500.0
2009-09-28 11:37:24,51.3852,370.0
2009-09-28 11:37:43,51.38,100.0
2009-09-28 11:37:43,51.38,100.0
2009-09-28 11:38:39,51.3895,179.0
2009-09-28 11:38:48,51.3899,100.0
2009-09-28 11:38:48,51.39,200.0
2009-09-28 11:38:49,51.4,100.0
2009-09-28 11:39:27,51.3825,250.0
2009-09-28 11:40:06,51.3974,292.0
2009-09-28 11:41:12,51.43600000000001,600.0
2009-09-28 11:41:46,51.418,100.0
2009-09-28 11:41:58,51.41,100.0
2009-09-28 11:42:03,51.4182,400.0
2009-09-28 11:42:38,51.419,500.0
2009-09-28 11:44:04,51.389,185.0
2009-09-28 11:44:04,51.388000000000005,506.0
2009-09-28 11:44:58,51.388000000000005,1900.0
2009-09-28 11:45:47,51.3895,100.0
2009-09-28 11:45:55,51.39,900.0
2009-09-28 11:45:55,51.39,400.0
2009-09-28 11:46:33,51.4,2000.0
2009-09-28 11:46:33,51.4,800.0
2009-09-28 11:46:33,51.4,1200.0
2009-09-28 11:46:33,51.4,400.0
2009-09-28 11:46:35,51.4,300.0
2009-09-28 11:46:35,51.4,900.0
2009-09-28 11:46:35,51.4,300.0
2009-09-28 11:46:36,51.4,900.0
2009-09-28 11:46:36,51.4,2100.0
2009-09-28 11:48:21,51.4194,390.0
2009-09-28 11:48:22,51.41,100.0
2009-09-28 11:50:09,51.418,620.0
2009-09-28 11:51:21,51.42,400.0
2009-09-28 11:51:21,51.42,1200.0
2009-09-28 11:51:21,51.42,100.0
2009-09-28 11:51:21,51.42,100.0
2009-09-28 11:51:42,51.43,100.0
2009-09-28 11:51:43,51.43,200.0
2009-09-28 11:51:43,51.43,2000.0
2009-09-28 11:51:43,51.43,100.0
2009-09-28 11:51:43,51.43,600.0
2009-09-28 11:51:44,51.43,400.0
2009-09-28 11:52:09,51.43,300.0
2009-09-28 11:52:09,51.43,400.0
2009-09-28 11:52:09,51.43,2600.0
2009-09-28 11:52:17,51.43,500.0
2009-09-28 11:52:17,51.43,300.0
2009-09-28 11:52:17,51.43,100.0
2009-09-28 11:52:17,51.43,2500.0
2009-09-28 11:52:42,51.43,100.0
2009-09-28 11:52:42,51.43,2000.0
2009-09-28 11:52:42,51.43,1900.0
2009-09-28 11:52:45,51.43,360.0
2009-09-28 11:53:11,51.4148,123.0
2009-09-28 11:53:43,51.41,100.0
2009-09-28 11:54:14,51.417,1640.0
2009-09-28 11:54:47,51.43,300.0
2009-09-28 11:54:55,51.44,100.0
2009-09-28 11:54:55,51.44,100.0
2009-09-28 11:57:05,51.4085,100.0
2009-09-28 11:57:11,51.406000000000006,700.0
2009-09-28 11:57:45,51.42,360.0
2009-09-28 11:58:34,51.4073,700.0
2009-09-28 12:01:38,51.42,200.0
2009-09-28 12:01:41,51.428,333.0
2009-09-28 12:02:56,51.42,100.0
2009-09-28 12:03:21,51.429,2000.0
2009-09-28 12:03:43,51.43,900.0
2009-09-28 12:03:43,51.43,400.0
2009-09-28 12:04:09,51.4308,100.0
2009-09-28 12:04:21,51.4326,250.0
2009-09-28 12:04:34,51.44,100.0
2009-09-28 12:04:36,51.44,100.0
2009-09-28 12:04:57,51.43,100.0
2009-09-28 12:05:48,51.46,100.0
2009-09-28 12:06:06,51.47,300.0
2009-09-28 12:08:09,51.4674,300.0
2009-09-28 12:08:15,51.4635,166.0
2009-09-28 12:09:15,51.5,100.0
2009-09-28 12:09:15,51.5,400.0
2009-09-28 12:09:15,51.5,1200.0
2009-09-28 12:09:28,51.48,100.0
2009-09-28 12:10:03,51.48,500.0
2009-09-28 12:10:03,51.48,100.0
2009-09-28 12:10:33,51.48,300.0
2009-09-28 12:10:33,51.48,400.0
2009-09-28 12:10:36,51.47,100.0
2009-09-28 12:10:37,51.47,100.0
2009-09-28 12:10:40,51.451,210.0
2009-09-28 12:11:03,51.4654,100.0
2009-09-28 12:11:05,51.4546,100.0
2009-09-28 12:13:15,51.45,100.0
2009-09-28 12:13:57,51.456,1000.0
2009-09-28 12:15:28,51.458,500.0
2009-09-28 12:15:33,51.45,285.0
2009-09-28 12:15:33,51.45,100.0
2009-09-28 12:15:58,51.4582,100.0
2009-09-28 12:17:04,51.456,600.0
2009-09-28 12:18:56,51.46,100.0
2009-09-28 12:18:56,51.46,500.0
2009-09-28 12:18:56,51.46,400.0
2009-09-28 12:18:56,51.46,300.0
2009-09-28 12:19:42,51.4446,400.0
2009-09-28 12:20:36,51.4565,212.0
2009-09-28 12:20:41,51.46,200.0
2009-09-28 12:22:55,51.456,500.0
2009-09-28 12:23:21,51.46,1900.0
2009-09-28 12:25:41,51.46,200.0
2009-09-28 12:27:07,51.451,860.0
2009-09-28 12:27:49,51.48,200.0
2009-09-28 12:28:00,51.4724,207.0
2009-09-28 12:28:55,51.4891,200.0
2009-09-28 12:29:43,51.4765,620.0
2009-09-28 12:30:02,51.461000000000006,281.0
2009-09-28 12:30:02,51.46,100.0
2009-09-28 12:30:02,51.46,100.0
2009-09-28 12:30:02,51.451,100.0
2009-09-28 12:30:03,51.462,100.0
2009-09-28 12:30:39,51.461000000000006,100.0
2009-09-28 12:30:39,51.461000000000006,196.0
2009-09-28 12:30:58,51.47,100.0
2009-09-28 12:30:58,51.48,100.0
2009-09-28 12:32:33,51.47,110.0
2009-09-28 12:33:12,51.47,100.0
2009-09-28 12:33:18,51.46,2037.0
2009-09-28 12:33:32,51.4523,147.0
2009-09-28 12:35:54,51.452,256.0
2009-09-28 12:36:58,51.4691,300.0
2009-09-28 12:37:05,51.468,100.0
2009-09-28 12:41:43,51.46,200.0
2009-09-28 12:42:34,51.47,1200.0
2009-09-28 12:42:34,51.47,400.0
2009-09-28 12:43:31,51.49,200.0
2009-09-28 12:44:16,51.51,100.0
2009-09-28 12:44:30,51.49,100.0
2009-09-28 12:44:30,51.49,500.0
2009-09-28 12:44:30,51.49,200.0
2009-09-28 12:44:49,51.49100000000001,100.0
2009-09-28 12:46:08,51.49,100.0
2009-09-28 12:47:31,51.5,300.0
2009-09-28 12:47:32,51.496,440.0
2009-09-28 12:48:00,51.498000000000005,282.0
2009-09-28 12:48:13,51.4812,344.0
2009-09-28 12:49:15,51.4952,210.0
2009-09-28 12:49:41,51.4832,500.0
2009-09-28 12:49:41,51.498000000000005,200.0
2009-09-28 12:53:58,51.49,100.0
2009-09-28 12:54:34,51.46,300.0
2009-09-28 12:56:55,51.43,300.0
2009-09-28 12:58:30,51.418,115.0
2009-09-28 13:01:08,51.43,600.0
2009-09-28 13:02:38,51.42100000000001,200.0
2009-09-28 13:02:38,51.42100000000001,133.0
2009-09-28 13:03:43,51.4146,138.0
2009-09-28 13:04:38,51.4291,400.0
2009-09-28 13:05:50,51.4382,100.0
2009-09-28 13:05:52,51.44,200.0
2009-09-28 13:05:52,51.44,100.0
2009-09-28 13:05:58,51.45,100.0
2009-09-28 13:06:23,51.4235,314.0
2009-09-28 13:06:27,51.4291,182.0
2009-09-28 13:07:23,51.43,200.0
2009-09-28 13:08:18,51.4191,100.0
2009-09-28 13:08:46,51.4185,300.0
2009-09-28 13:08:51,51.4104,181.0
2009-09-28 13:09:24,51.44,400.0
2009-09-28 13:09:25,51.44,1200.0
2009-09-28 13:10:15,51.45,1600.0
2009-09-28 13:10:15,51.4476,600.0
2009-09-28 13:13:14,51.45,400.0
2009-09-28 13:15:50,51.47,1445.0
2009-09-28 13:16:46,51.4536,937.0
2009-09-28 13:16:50,51.47,300.0
2009-09-28 13:16:51,51.466,500.0
2009-09-28 13:17:17,51.4582,300.0
2009-09-28 13:17:42,51.4552,347.0
2009-09-28 13:17:42,51.45,300.0
2009-09-28 13:18:47,51.488,300.0
2009-09-28 13:18:56,51.48,300.0
2009-09-28 13:20:29,51.4782,500.0
2009-09-28 13:21:36,51.4654,273.0
2009-09-28 13:22:39,51.4325,179.0
2009-09-28 13:23:57,51.4648,317.0
2009-09-28 13:24:28,51.468,290.0
2009-09-28 13:24:46,51.466,114.0
2009-09-28 13:25:20,51.46,600.0
2009-09-28 13:26:41,51.48,700.0
2009-09-28 13:27:13,51.49,700.0
2009-09-28 13:27:44,51.49,100.0
2009-09-28 13:28:22,51.51,300.0
2009-09-28 13:28:22,51.51,400.0
2009-09-28 13:28:22,51.51,100.0
2009-09-28 13:28:22,51.48,400.0
2009-09-28 13:28:22,51.49,200.0
2009-09-28 13:28:22,51.48,100.0
2009-09-28 13:28:22,51.48,200.0
2009-09-28 13:29:23,51.4818,1252.0
2009-09-28 13:29:27,51.5,360.0
2009-09-28 13:29:28,51.5,100.0
2009-09-28 13:31:53,51.5091,332.0
2009-09-28 13:33:47,51.497,819.0
2009-09-28 13:37:44,51.49,1200.0
2009-09-28 13:37:44,51.49,400.0
2009-09-28 13:38:59,51.496,125.0
2009-09-28 13:40:07,51.52,100.0
2009-09-28 13:40:32,51.5165,267.0
2009-09-28 13:41:03,51.52,100.0
2009-09-28 13:41:03,51.51,100.0
2009-09-28 13:41:03,51.51,200.0
2009-09-28 13:41:03,51.51,100.0
2009-09-28 13:41:03,51.5,500.0
2009-09-28 13:41:03,51.5,100.0
2009-09-28 13:41:03,51.5,300.0
2009-09-28 13:41:03,51.5,1857.0
2009-09-28 13:41:31,51.53,100.0
2009-09-28 13:41:39,51.521,100.0
2009-09-28 13:42:33,51.5491,700.0
2009-09-28 13:42:57,51.5485,300.0
2009-09-28 13:42:59,51.56,100.0
2009-09-28 13:42:59,51.57,100.0
2009-09-28 13:43:23,51.57,1800.0
2009-09-28 13:43:23,51.57,300.0
2009-09-28 13:43:24,51.56,300.0
2009-09-28 13:43:24,51.56,100.0
2009-09-28 13:43:34,51.5518,1372.0
2009-09-28 13:44:00,51.57,100.0
2009-09-28 13:44:01,51.58,200.0
2009-09-28 13:44:01,51.58,100.0
2009-09-28 13:44:26,51.5646,218.0
2009-09-28 13:44:27,51.5646,486.0
2009-09-28 13:44:31,51.5646,141.0
2009-09-28 13:44:32,51.5724,571.0
2009-09-28 13:44:40,51.59,100.0
2009-09-28 13:44:40,51.59,100.0
2009-09-28 13:44:40,51.6,500.0
2009-09-28 13:45:00,51.58,100.0
2009-09-28 13:45:03,51.56,100.0
2009-09-28 13:45:03,51.56,300.0
2009-09-28 13:45:14,51.5575,161.0
2009-09-28 13:45:22,51.57,100.0
2009-09-28 13:45:22,51.5691,500.0
2009-09-28 13:46:43,51.566,500.0
2009-09-28 13:48:21,51.553,308.0
2009-09-28 13:49:04,51.5596,110.0
2009-09-28 13:50:08,51.5582,500.0
2009-09-28 13:50:16,51.541,100.0
2009-09-28 13:50:32,51.55,100.0
2009-09-28 13:50:41,51.549,193.0
2009-09-28 13:51:01,51.54,100.0
2009-09-28 13:51:01,51.54,100.0
2009-09-28 13:51:01,51.54,1400.0
2009-09-28 13:51:02,51.55,100.0
2009-09-28 13:51:31,51.55,400.0
2009-09-28 13:51:38,51.55,600.0
2009-09-28 13:52:07,51.55,200.0
2009-09-28 13:52:07,51.55,300.0
2009-09-28 13:52:54,51.55,600.0
2009-09-28 13:52:54,51.55,1300.0
2009-09-28 13:53:34,51.53,100.0
2009-09-28 13:53:35,51.526,672.0
2009-09-28 13:53:47,51.5234,325.0
2009-09-28 13:54:29,51.5,805.0
2009-09-28 13:54:29,51.5001,805.0
2009-09-28 13:54:53,51.5091,1100.0
2009-09-28 13:55:02,51.5,140.0
2009-09-28 13:55:51,51.4882,300.0
2009-09-28 13:55:54,51.47,300.0
2009-09-28 13:56:55,51.4809,168.0
2009-09-28 13:57:04,51.49,300.0
2009-09-28 14:00:04,51.461000000000006,159.0
2009-09-28 14:00:04,51.46,100.0
2009-09-28 14:00:05,51.462,100.0
2009-09-28 14:01:44,51.49,1100.0
2009-09-28 14:02:53,51.5,1100.0
2009-09-28 14:02:54,51.5,200.0
2009-09-28 14:03:15,51.4846,123.0
2009-09-28 14:04:04,51.5,400.0
2009-09-28 14:05:08,51.5,150.0
2009-09-28 14:05:17,51.495,250.0
2009-09-28 14:05:28,51.5,300.0
2009-09-28 14:05:38,51.499,135.0
2009-09-28 14:05:44,51.4817,145.0
2009-09-28 14:05:46,51.49,700.0
2009-09-28 14:06:03,51.487,1481.0
2009-09-28 14:06:36,51.471,348.0
2009-09-28 14:06:36,51.471,400.0
2009-09-28 14:07:06,51.4791,800.0
2009-09-28 14:08:26,51.4882,100.0
2009-09-28 14:08:55,51.44,100.0
2009-09-28 14:08:55,51.45,100.0
2009-09-28 14:08:55,51.44,100.0
2009-09-28 14:09:20,51.44,200.0
2009-09-28 14:09:20,51.44,300.0
2009-09-28 14:09:20,51.44,600.0
2009-09-28 14:09:21,51.4396,800.0
2009-09-28 14:09:21,51.4396,100.0
2009-09-28 14:09:22,51.44,200.0
2009-09-28 14:09:22,51.44,300.0
2009-09-28 14:09:22,51.44,100.0
2009-09-28 14:09:28,51.44,200.0
2009-09-28 14:09:28,51.44,300.0
2009-09-28 14:09:28,51.43,100.0
2009-09-28 14:09:28,51.43,500.0
2009-09-28 14:09:28,51.43,2000.0
2009-09-28 14:09:28,51.44,107.0
2009-09-28 14:09:28,51.44,200.0
2009-09-28 14:09:28,51.44,108.0
2009-09-28 14:09:28,51.43,500.0
2009-09-28 14:09:28,51.42,100.0
2009-09-28 14:09:28,51.42,500.0
2009-09-28 14:09:28,51.42,143.0
2009-09-28 14:09:28,51.43,300.0
2009-09-28 14:09:28,51.43,500.0
2009-09-28 14:09:28,51.43,109.0
2009-09-28 14:09:55,51.45,2000.0
2009-09-28 14:10:05,51.43,148.0
2009-09-28 14:11:01,51.42,200.0
2009-09-28 14:11:36,51.42,2000.0
2009-09-28 14:11:36,51.42,500.0
2009-09-28 14:11:36,51.42,1900.0
2009-09-28 14:11:43,51.42,400.0
2009-09-28 14:11:43,51.42,600.0
2009-09-28 14:12:01,51.43,500.0
2009-09-28 14:12:01,51.43,100.0
2009-09-28 14:12:01,51.43,400.0
2009-09-28 14:12:01,51.43,200.0
2009-09-28 14:12:01,51.43,500.0
2009-09-28 14:12:01,51.43,1300.0
2009-09-28 14:12:57,51.44,900.0
2009-09-28 14:13:31,51.44,400.0
2009-09-28 14:13:51,51.44,800.0
2009-09-28 14:14:28,51.4152,186.0
2009-09-28 14:15:06,51.42,3000.0
2009-09-28 14:15:47,51.43,300.0
2009-09-28 14:15:47,51.43,900.0
2009-09-28 14:16:17,51.42,100.0
2009-09-28 14:16:19,51.4148,300.0
2009-09-28 14:16:42,51.42,1000.0
2009-09-28 14:16:42,51.42,800.0
2009-09-28 14:16:53,51.42,900.0
2009-09-28 14:17:03,51.42,900.0
2009-09-28 14:17:37,51.42,1100.0
2009-09-28 14:18:19,51.4465,388.0
2009-09-28 14:18:31,51.47,400.0
2009-09-28 14:18:48,51.47,148.0
2009-09-28 14:18:52,51.47,100.0
2009-09-28 14:18:53,51.47,100.0
2009-09-28 14:18:53,51.47,500.0
2009-09-28 14:18:53,51.47,148.0
2009-09-28 14:18:53,51.47,500.0
2009-09-28 14:18:53,51.47,400.0
2009-09-28 14:18:53,51.47,600.0
2009-09-28 14:18:53,51.47,1000.0
2009-09-28 14:18:53,51.47,604.0
2009-09-28 14:19:07,51.48,500.0
2009-09-28 14:19:07,51.48,100.0
2009-09-28 14:19:07,51.48,500.0
2009-09-28 14:20:15,51.4715,853.0
2009-09-28 14:20:18,51.47,2000.0
2009-09-28 14:20:18,51.47,200.0
2009-09-28 14:20:18,51.47,1000.0
2009-09-28 14:20:58,51.47,900.0
2009-09-28 14:21:32,51.46,2000.0
2009-09-28 14:21:32,51.46,200.0
2009-09-28 14:21:39,51.46,400.0
2009-09-28 14:21:43,51.47,400.0
2009-09-28 14:22:05,51.461000000000006,400.0
2009-09-28 14:22:37,51.461000000000006,234.0
2009-09-28 14:22:40,51.468,388.0
2009-09-28 14:23:55,51.48,214.0
2009-09-28 14:23:56,51.48,4000.0
2009-09-28 14:23:56,51.48,400.0
2009-09-28 14:24:01,51.5,100.0
2009-09-28 14:24:21,51.48,300.0
2009-09-28 14:24:21,51.48,1200.0
2009-09-28 14:24:25,51.4799,275.0
2009-09-28 14:24:39,51.48,1700.0
2009-09-28 14:24:55,51.47,2000.0
2009-09-28 14:24:55,51.47,200.0
2009-09-28 14:24:55,51.47,300.0
2009-09-28 14:26:07,51.4734,167.0
2009-09-28 14:26:40,51.46,900.0
2009-09-28 14:26:49,51.46,1073.0
2009-09-28 14:26:49,51.46,627.0
2009-09-28 14:26:49,51.46,1000.0
2009-09-28 14:27:02,51.5,200.0
2009-09-28 14:27:08,51.48,2000.0
2009-09-28 14:27:08,51.48,600.0
2009-09-28 14:27:08,51.48,1200.0
2009-09-28 14:27:08,51.48,700.0
2009-09-28 14:27:09,51.499,215.0
2009-09-28 14:27:10,51.499,415.0
2009-09-28 14:27:19,51.49,100.0
2009-09-28 14:27:19,51.49,2000.0
2009-09-28 14:27:19,51.49,600.0
2009-09-28 14:27:19,51.49,1000.0
2009-09-28 14:27:19,51.49,2000.0
2009-09-28 14:27:36,51.49,200.0
2009-09-28 14:27:37,51.49,900.0
2009-09-28 14:27:50,51.49,1566.0
2009-09-28 14:27:50,51.49,134.0
2009-09-28 14:28:02,51.508,370.0
2009-09-28 14:28:38,51.53,100.0
2009-09-28 14:28:38,51.53,200.0
2009-09-28 14:28:38,51.526,100.0
2009-09-28 14:28:40,51.529,400.0
2009-09-28 14:28:40,51.526,100.0
2009-09-28 14:28:41,51.526,200.0
2009-09-28 14:28:44,51.51,100.0
2009-09-28 14:28:45,51.5,200.0
2009-09-28 14:28:52,51.5,100.0
2009-09-28 14:29:46,51.5,2000.0
2009-09-28 14:29:46,51.5,600.0
2009-09-28 14:29:46,51.5,100.0
2009-09-28 14:29:46,51.5,300.0
2009-09-28 14:30:03,51.5,1000.0
2009-09-28 14:31:33,51.4796,1166.0
2009-09-28 14:32:11,51.47,200.0
2009-09-28 14:32:11,51.47,100.0
2009-09-28 14:32:16,51.48,500.0
2009-09-28 14:33:32,51.489,195.0
2009-09-28 14:34:23,51.478,353.0
2009-09-28 14:34:36,51.472,178.0
2009-09-28 14:37:09,51.47,200.0
2009-09-28 14:38:19,51.441,415.0
2009-09-28 14:38:54,51.44,200.0
2009-09-28 14:38:54,51.44,300.0
2009-09-28 14:40:33,51.462,169.0
2009-09-28 14:41:31,51.4675,104.0
2009-09-28 14:42:54,51.475,145.0
2009-09-28 14:44:10,51.4814,7850.0
2009-09-28 14:44:17,51.4948,200.0
2009-09-28 14:44:27,51.4777,276.0
2009-09-28 14:45:48,51.4677,411.0
2009-09-28 14:46:19,51.45,200.0
2009-09-28 14:46:32,51.4425,552.0
2009-09-28 14:46:32,51.45,200.0
2009-09-28 14:48:37,51.4775,432.0
2009-09-28 14:48:45,51.4646,110.0
2009-09-28 14:49:25,51.48,200.0
2009-09-28 14:54:01,51.4725,189.0
2009-09-28 14:55:42,51.46,143.0
2009-09-28 14:57:19,51.4613,100.0
2009-09-28 14:57:19,51.4612,100.0
2009-09-28 14:57:19,51.4611,100.0
2009-09-28 14:57:19,51.4608,100.0
2009-09-28 14:57:19,51.461000000000006,161.0
2009-09-28 14:57:19,51.464,700.0
2009-09-28 14:57:19,51.464,400.0
2009-09-28 14:57:21,51.471,300.0
2009-09-28 14:57:21,51.471,100.0
2009-09-28 14:57:27,51.464,100.0
2009-09-28 14:58:05,51.469,105.0
2009-09-28 14:58:59,51.4589,2495.0
2009-09-28 14:59:06,51.45,300.0
2009-09-28 14:59:33,51.43600000000001,100.0
2009-09-28 14:59:45,51.4285,188.0
2009-09-28 15:00:04,51.42,200.0
2009-09-28 15:01:58,51.3936,1100.0
2009-09-28 15:02:44,51.41,300.0
2009-09-28 15:02:44,51.41,200.0
2009-09-28 15:02:54,51.4,100.0
2009-09-28 15:03:21,51.411,100.0
2009-09-28 15:04:51,51.4104,350.0
2009-09-28 15:08:39,51.422,644.0
2009-09-28 15:10:21,51.45,200.0
2009-09-28 15:11:55,51.4548,150.0
2009-09-28 15:12:59,51.448,1000.0
2009-09-28 15:13:16,51.44,116.0
2009-09-28 15:13:54,51.43899999999999,450.0
2009-09-28 15:13:55,51.44,216.0
2009-09-28 15:14:06,51.4289,1000.0
2009-09-28 15:14:51,51.4115,100.0
2009-09-28 15:14:51,51.4112,147.0
2009-09-28 15:14:51,51.4112,100.0
2009-09-28 15:16:24,51.43,200.0
2009-09-28 15:16:34,51.429,110.0
2009-09-28 15:18:56,51.4592,300.0
2009-09-28 15:19:04,51.44,201.0
2009-09-28 15:20:47,51.48,350.0
2009-09-28 15:20:58,51.479,100.0
2009-09-28 15:22:17,51.494,525.0
2009-09-28 15:22:28,51.51,200.0
2009-09-28 15:22:30,51.52,115.0
2009-09-28 15:22:30,51.52,185.0
2009-09-28 15:22:54,51.5282,201.0
2009-09-28 15:23:12,51.5125,190.0
2009-09-28 15:23:48,51.508,125.0
2009-09-28 15:24:40,51.5064,180.0
2009-09-28 15:26:54,51.49,185.0
2009-09-28 15:26:54,51.49,115.0
2009-09-28 15:28:00,51.49,208.0
2009-09-28 15:28:02,51.51,200.0
2009-09-28 15:28:04,51.498000000000005,230.0
2009-09-28 15:30:02,51.48,315.0
2009-09-28 15:30:02,51.48,292.0
2009-09-28 15:30:02,51.48,115.0
2009-09-28 15:30:04,51.47,108.0
2009-09-28 15:30:13,51.47,208.0
2009-09-28 15:30:16,51.45,300.0
2009-09-28 15:30:16,51.44,192.0
2009-09-28 15:30:16,51.44,198.0
2009-09-28 15:30:37,51.459,200.0
2009-09-28 15:31:19,51.456,583.0
2009-09-28 15:31:32,51.4674,225.0
2009-09-28 15:32:36,51.48,106.0
2009-09-28 15:32:36,51.48,194.0
2009-09-28 15:32:42,51.49,200.0
2009-09-28 15:32:48,51.472,325.0
2009-09-28 15:34:39,51.51,100.0
2009-09-28 15:34:40,51.52,300.0
2009-09-28 15:35:01,51.52,200.0
2009-09-28 15:37:37,51.5,108.0
2009-09-28 15:39:13,51.49,300.0
2009-09-28 15:39:46,51.4989,100.0
2009-09-28 15:39:46,51.499,1400.0
2009-09-28 15:39:46,51.499,1500.0
2009-09-28 15:39:46,51.5,404.0
2009-09-28 15:39:46,51.5,202.0
2009-09-28 15:39:46,51.5,488.0
2009-09-28 15:39:47,51.5,10600.0
2009-09-28 15:40:32,51.4967,150.0
2009-09-28 15:40:37,51.484,209.0
2009-09-28 15:42:10,51.4994,4016.0
2009-09-28 15:42:36,51.492,136.0
2009-09-28 15:42:50,51.4967,438.0
2009-09-28 15:44:06,51.46,240.0
2009-09-28 15:45:57,51.43,700.0
2009-09-28 15:46:05,51.4299,100.0
2009-09-28 15:46:44,51.42,199.0
2009-09-28 15:46:44,51.42,195.0
2009-09-28 15:46:44,51.42,500.0
2009-09-28 15:46:45,51.42,300.0
2009-09-28 15:47:43,51.41,107.0
2009-09-28 15:47:43,51.41,137.0
2009-09-28 15:47:43,51.41,511.0
2009-09-28 15:49:34,51.4,200.0
2009-09-28 15:49:58,51.38,300.0
2009-09-28 15:50:42,51.38,200.0
2009-09-28 15:50:42,51.39,278.0
2009-09-28 15:50:42,51.389,278.0
2009-09-28 15:50:42,51.379,200.0
2009-09-28 15:50:50,51.39,100.0
2009-09-28 15:51:00,51.4,300.0
2009-09-28 15:51:00,51.4,165.0
2009-09-28 15:51:01,51.4,800.0
2009-09-28 15:51:04,51.4,200.0
2009-09-28 15:51:06,51.41,292.0
2009-09-28 15:51:06,51.41,300.0
2009-09-28 15:52:17,51.42,298.0
2009-09-28 15:52:22,51.4115,434.0
2009-09-28 15:52:49,51.43,800.0
2009-09-28 15:53:02,51.44,400.0
2009-09-28 15:54:04,51.4509,198.0
2009-09-28 15:54:06,51.4767,199.0
2009-09-28 15:54:21,51.46,700.0
2009-09-28 15:54:42,51.47,300.0
2009-09-28 15:55:19,51.442,301.0
2009-09-28 15:55:47,51.45,1000.0
2009-09-28 15:55:47,51.45,120.0
2009-09-28 15:55:47,51.45,200.0
2009-09-28 15:55:47,51.45,400.0
2009-09-28 15:55:47,51.45,180.0
2009-09-28 15:56:01,51.44,500.0
2009-09-28 15:56:01,51.44,257.0
2009-09-28 15:56:49,51.4684,200.0
2009-09-28 15:57:18,51.47,700.0
2009-09-28 15:58:05,51.5001,100.0
2009-09-28 15:58:15,51.51,1000.0
2009-09-28 15:58:26,51.52,100.0
2009-09-28 15:58:42,51.52,400.0
2009-09-28 15:58:50,51.54,200.0
2009-09-28 15:58:56,51.54,100.0
2009-09-28 15:59:10,51.53,200.0
2009-09-28 15:59:17,51.54,300.0
2009-09-28 15:59:18,51.55,511.0
2009-09-28 15:59:39,51.55,105.0
2009-09-28 15:59:39,51.53,100.0
2009-09-28 15:59:47,51.53,300.0
2009-09-28 15:59:47,51.53,125.0
2009-09-28 15:59:57,51.53,158.0
2009-09-28 16:00:00,51.54,197.0
2009-09-28 16:00:00,51.54,103.0
2009-09-29 09:03:17,51.78,100.0
2009-09-29 09:10:25,51.8,200.0
2009-09-29 09:27:24,51.83,500.0
2009-09-29 09:27:39,51.84,300.0
2009-09-29 09:29:50,51.75,300.0
2009-09-29 09:29:50,51.76,400.0
2009-09-29 09:29:50,51.76,1000.0
2009-09-29 09:29:50,51.76,300.0
2009-09-29 09:29:50,51.77,700.0
2009-09-29 09:29:50,51.77,300.0
2009-09-29 09:29:50,51.78,400.0
2009-09-29 09:29:51,51.78,1000.0
2009-09-29 09:29:51,51.79,1700.0
2009-09-29 09:29:51,51.76,600.0
2009-09-29 09:29:54,51.76,400.0
2009-09-29 09:29:54,51.76,1000.0
2009-09-29 09:29:54,51.76,400.0
2009-09-29 09:29:54,51.78,500.0
2009-09-29 09:29:54,51.75,1000.0
2009-09-29 09:29:55,51.74,1000.0
2009-09-29 09:29:56,51.78,2700.0
2009-09-29 09:29:56,51.78,1000.0
2009-09-29 09:29:56,51.74,300.0
2009-09-29 09:29:57,51.74,300.0
2009-09-29 09:29:57,51.74,700.0
2009-09-29 09:29:58,51.74,500.0
2009-09-29 09:30:00,51.72,181.0
2009-09-29 09:30:02,51.67,700.0
2009-09-29 09:30:02,51.64,141.0
2009-09-29 09:30:03,51.71,400.0
2009-09-29 09:30:03,51.71,100.0
2009-09-29 09:30:09,51.65,100.0
2009-09-29 09:30:10,51.65,108.0
2009-09-29 09:30:11,51.67,108.0
2009-09-29 09:31:05,51.72,100.0
2009-09-29 09:31:12,51.69,100.0
2009-09-29 09:31:28,51.67,284.0
2009-09-29 09:31:34,51.67,500.0
2009-09-29 09:31:34,51.67,216.0
2009-09-29 09:31:44,51.656000000000006,431.0
2009-09-29 09:31:49,51.63,300.0
2009-09-29 09:31:49,51.63,500.0
2009-09-29 09:31:49,51.63,100.0
2009-09-29 09:32:07,51.64,500.0
2009-09-29 09:32:07,51.64,100.0
2009-09-29 09:32:21,51.63,147.0
2009-09-29 09:33:01,51.71,500.0
2009-09-29 09:33:38,51.734,200.0
2009-09-29 09:33:42,51.75,100.0
2009-09-29 09:33:43,51.76,300.0
2009-09-29 09:33:43,51.76,200.0
2009-09-29 09:34:02,51.78,300.0
2009-09-29 09:34:02,51.78,100.0
2009-09-29 09:34:02,51.79,500.0
2009-09-29 09:34:02,51.79,100.0
2009-09-29 09:35:04,51.73,400.0
2009-09-29 09:35:04,51.73,300.0
2009-09-29 09:35:04,51.73,100.0
2009-09-29 09:35:04,51.72,100.0
2009-09-29 09:35:04,51.73,200.0
2009-09-29 09:36:07,51.8073,156.0
2009-09-29 09:36:09,51.8,100.0
2009-09-29 09:37:59,51.81,500.0
2009-09-29 09:37:59,51.81,100.0
2009-09-29 09:37:59,51.81,200.0
2009-09-29 09:39:26,51.75,100.0
2009-09-29 09:39:33,51.78,140.0
2009-09-29 09:40:01,51.79,100.0
2009-09-29 09:40:01,51.79,240.0
2009-09-29 09:40:01,51.79,260.0
2009-09-29 09:40:23,51.79,100.0
2009-09-29 09:40:24,51.79,100.0
2009-09-29 09:40:57,51.8002,193.0
2009-09-29 09:41:11,51.84,193.0
2009-09-29 09:41:12,51.87,100.0
2009-09-29 09:41:27,51.91,200.0
2009-09-29 09:41:28,51.92,100.0
2009-09-29 09:42:06,51.87,100.0
2009-09-29 09:44:07,51.86,500.0
2009-09-29 09:44:08,51.86,400.0
2009-09-29 09:45:49,51.84,100.0
2009-09-29 09:45:50,51.8296,300.0
2009-09-29 09:48:55,51.77,100.0
2009-09-29 09:49:35,51.8,100.0
2009-09-29 09:49:45,51.77,100.0
2009-09-29 09:50:03,51.74,200.0
2009-09-29 09:50:36,51.76,100.0
2009-09-29 09:50:36,51.76,100.0
2009-09-29 09:50:53,51.75,216.0
2009-09-29 09:51:01,51.77,100.0
2009-09-29 09:51:03,51.77,216.0
2009-09-29 09:51:08,51.78,900.0
2009-09-29 09:51:08,51.78,300.0
2009-09-29 09:51:08,51.78,400.0
2009-09-29 09:51:14,51.78,100.0
2009-09-29 09:51:44,51.84,300.0
2009-09-29 09:51:45,51.84,100.0
2009-09-29 09:52:34,51.82,500.0
2009-09-29 09:52:34,51.82,100.0
2009-09-29 09:52:45,51.78,100.0
2009-09-29 09:52:57,51.78,500.0
2009-09-29 09:54:28,51.7872,966.0
2009-09-29 09:54:34,51.8,100.0
2009-09-29 09:54:49,51.75,242.0
2009-09-29 09:55:09,51.79,500.0
2009-09-29 09:55:33,51.78,100.0
2009-09-29 09:56:34,51.84,100.0
2009-09-29 09:56:34,51.84,100.0
2009-09-29 09:56:46,51.9,300.0
2009-09-29 09:58:31,51.92,100.0
2009-09-29 09:59:17,51.95,1679.0
2009-09-29 09:59:17,51.95,321.0
2009-09-29 09:59:17,51.95,100.0
2009-09-29 09:59:17,51.95,200.0
2009-09-29 09:59:17,51.92,100.0
2009-09-29 09:59:17,51.93,100.0
2009-09-29 09:59:21,51.93,100.0
2009-09-29 09:59:23,51.93,500.0
2009-09-29 09:59:27,51.96,100.0
2009-09-29 09:59:30,51.93,100.0
2009-09-29 09:59:38,51.94,100.0
2009-09-29 09:59:38,51.94,100.0
2009-09-29 09:59:56,51.95,593.0
2009-09-29 09:59:56,51.95,393.0
2009-09-29 09:59:56,51.94,200.0
2009-09-29 09:59:57,51.95,100.0
2009-09-29 10:00:00,51.91,300.0
2009-09-29 10:00:00,51.92,700.0
2009-09-29 10:00:00,51.91,300.0
2009-09-29 10:00:00,51.88,200.0
2009-09-29 10:00:00,51.88,100.0
2009-09-29 10:00:00,51.88,600.0
2009-09-29 10:00:00,51.88,300.0
2009-09-29 10:00:01,51.88,100.0
2009-09-29 10:00:01,51.85,100.0
2009-09-29 10:00:01,51.82,100.0
2009-09-29 10:00:01,51.81,500.0
2009-09-29 10:00:01,51.89,691.0
2009-09-29 10:00:01,51.88,100.0
2009-09-29 10:00:01,51.88,146.0
2009-09-29 10:00:01,51.88,254.0
2009-09-29 10:00:01,51.88,100.0
2009-09-29 10:00:02,51.74,100.0
2009-09-29 10:00:03,51.74,200.0
2009-09-29 10:00:05,51.76,500.0
2009-09-29 10:00:06,51.76,100.0
2009-09-29 10:00:07,51.75,500.0
2009-09-29 10:00:07,51.76,100.0
2009-09-29 10:00:08,51.75,200.0
2009-09-29 10:00:15,51.7495,181.0
2009-09-29 10:00:15,51.77,100.0
2009-09-29 10:00:16,51.73,100.0
2009-09-29 10:00:17,51.75,100.0
2009-09-29 10:00:17,51.75,100.0
2009-09-29 10:00:19,51.7,100.0
2009-09-29 10:00:19,51.71,200.0
2009-09-29 10:00:21,51.68,100.0
2009-09-29 10:00:21,51.68,100.0
2009-09-29 10:00:23,51.67,100.0
2009-09-29 10:00:26,51.67,100.0
2009-09-29 10:00:26,51.68,100.0
2009-09-29 10:00:28,51.72,100.0
2009-09-29 10:00:30,51.68,493.0
2009-09-29 10:00:31,51.68,100.0
2009-09-29 10:00:31,51.68,300.0
2009-09-29 10:00:32,51.68,400.0
2009-09-29 10:00:32,51.68,300.0
2009-09-29 10:00:33,51.69,100.0
2009-09-29 10:00:33,51.69,500.0
2009-09-29 10:00:34,51.67,100.0
2009-09-29 10:00:34,51.64,100.0
2009-09-29 10:00:44,51.63,100.0
2009-09-29 10:00:44,51.64,100.0
2009-09-29 10:00:44,51.64,400.0
2009-09-29 10:00:44,51.64,500.0
2009-09-29 10:00:45,51.63,500.0
2009-09-29 10:00:56,51.63,100.0
2009-09-29 10:00:57,51.62,100.0
2009-09-29 10:00:57,51.57,100.0
2009-09-29 10:00:57,51.58,200.0
2009-09-29 10:00:57,51.635,100.0
2009-09-29 10:00:57,51.63,100.0
2009-09-29 10:00:58,51.63,100.0
2009-09-29 10:00:58,51.57,100.0
2009-09-29 10:00:59,51.61,100.0
2009-09-29 10:01:03,51.6,100.0
2009-09-29 10:01:05,51.6,100.0
2009-09-29 10:01:12,51.6,207.0
2009-09-29 10:02:06,51.61,100.0
2009-09-29 10:02:08,51.62,100.0
2009-09-29 10:02:15,51.58,100.0
2009-09-29 10:02:16,51.58,100.0
2009-09-29 10:02:38,51.56,100.0
2009-09-29 10:02:38,51.56,400.0
2009-09-29 10:02:38,51.56,100.0
2009-09-29 10:02:38,51.558,679.0
2009-09-29 10:03:18,51.52,1679.0
2009-09-29 10:03:29,51.55,100.0
2009-09-29 10:04:46,51.61,300.0
2009-09-29 10:04:46,51.61,100.0
2009-09-29 10:04:46,51.6082,1100.0
2009-09-29 10:04:46,51.6,100.0
2009-09-29 10:05:00,51.63,100.0
2009-09-29 10:05:40,51.58,200.0
2009-09-29 10:05:40,51.58,200.0
2009-09-29 10:05:52,51.58,100.0
2009-09-29 10:05:52,51.59,400.0
2009-09-29 10:05:52,51.59,300.0
2009-09-29 10:06:19,51.6,100.0
2009-09-29 10:06:19,51.59,100.0
2009-09-29 10:06:19,51.605,100.0
2009-09-29 10:06:34,51.58,300.0
2009-09-29 10:07:50,51.58,100.0
2009-09-29 10:07:51,51.58,100.0
2009-09-29 10:08:25,51.59,100.0
2009-09-29 10:08:26,51.592,315.0
2009-09-29 10:08:55,51.62,106.0
2009-09-29 10:09:07,51.62,100.0
2009-09-29 10:09:13,51.62,100.0
2009-09-29 10:09:28,51.6,100.0
2009-09-29 10:09:54,51.64,100.0
2009-09-29 10:10:51,51.6008,500.0
2009-09-29 10:10:54,51.6,100.0
2009-09-29 10:10:54,51.6,200.0
2009-09-29 10:11:05,51.6523,103.0
2009-09-29 10:11:09,51.65,300.0
2009-09-29 10:11:36,51.67,100.0
2009-09-29 10:11:36,51.6661,575.0
2009-09-29 10:11:48,51.67,100.0
2009-09-29 10:12:43,51.74,300.0
2009-09-29 10:12:43,51.74,100.0
2009-09-29 10:12:51,51.74,100.0
2009-09-29 10:13:00,51.71,100.0
2009-09-29 10:13:04,51.73,100.0
2009-09-29 10:13:09,51.74,100.0
2009-09-29 10:13:11,51.7348,615.0
2009-09-29 10:13:15,51.75,100.0
2009-09-29 10:13:15,51.75,201.0
2009-09-29 10:13:34,51.74,100.0
2009-09-29 10:14:08,51.77,100.0
2009-09-29 10:14:12,51.77,485.0
2009-09-29 10:14:12,51.75,100.0
2009-09-29 10:14:12,51.74,1721.0
2009-09-29 10:14:16,51.7448,125.0
2009-09-29 10:14:35,51.732,116.0
2009-09-29 10:15:40,51.726000000000006,200.0
2009-09-29 10:15:40,51.75,100.0
2009-09-29 10:15:40,51.75,200.0
2009-09-29 10:15:41,51.744,600.0
2009-09-29 10:16:01,51.76,300.0
2009-09-29 10:16:16,51.77,100.0
2009-09-29 10:16:18,51.778,114.0
2009-09-29 10:16:33,51.76,100.0
2009-09-29 10:16:33,51.76,200.0
2009-09-29 10:17:35,51.72,100.0
2009-09-29 10:17:35,51.72,102.0
2009-09-29 10:17:35,51.71,100.0
2009-09-29 10:17:36,51.7,100.0
2009-09-29 10:17:36,51.72,100.0
2009-09-29 10:17:36,51.72,300.0
2009-09-29 10:17:38,51.71,100.0
2009-09-29 10:17:41,51.72,100.0
2009-09-29 10:17:44,51.71,200.0
2009-09-29 10:17:44,51.71,300.0
2009-09-29 10:17:44,51.71,100.0
2009-09-29 10:17:44,51.71,197.0
2009-09-29 10:17:44,51.7,100.0
2009-09-29 10:17:44,51.69,197.0
2009-09-29 10:17:45,51.68,100.0
2009-09-29 10:17:45,51.68,299.0
2009-09-29 10:17:47,51.69,400.0
2009-09-29 10:19:20,51.68,747.0
2009-09-29 10:20:56,51.665,341.0
2009-09-29 10:21:05,51.7,100.0
2009-09-29 10:21:06,51.68,400.0
2009-09-29 10:21:09,51.69,100.0
2009-09-29 10:21:09,51.69,100.0
2009-09-29 10:21:14,51.67,100.0
2009-09-29 10:21:22,51.65,100.0
2009-09-29 10:22:14,51.64,100.0
2009-09-29 10:22:22,51.66,300.0
2009-09-29 10:22:22,51.66,100.0
2009-09-29 10:22:22,51.66,100.0
2009-09-29 10:22:22,51.66,200.0
2009-09-29 10:22:22,51.66,100.0
2009-09-29 10:22:23,51.67,100.0
2009-09-29 10:24:50,51.642,148.0
2009-09-29 10:27:38,51.69,200.0
2009-09-29 10:28:37,51.68,400.0
2009-09-29 10:28:37,51.678,455.0
2009-09-29 10:28:39,51.67,455.0
2009-09-29 10:28:43,51.661,100.0
2009-09-29 10:31:08,51.72,200.0
2009-09-29 10:31:39,51.69,100.0
2009-09-29 10:31:47,51.6992,704.0
2009-09-29 10:32:54,51.71,100.0
2009-09-29 10:32:54,51.71,200.0
2009-09-29 10:32:54,51.7054,318.0
2009-09-29 10:33:21,51.67100000000001,100.0
2009-09-29 10:33:21,51.6703,100.0
2009-09-29 10:33:21,51.6701,100.0
2009-09-29 10:33:22,51.6716,562.0
2009-09-29 10:33:42,51.678,149.0
2009-09-29 10:34:28,51.668,435.0
2009-09-29 10:34:33,51.69,300.0
2009-09-29 10:34:50,51.69,100.0
2009-09-29 10:34:51,51.6708,450.0
2009-09-29 10:35:10,51.71,100.0
2009-09-29 10:36:37,51.71,100.0
2009-09-29 10:36:46,51.7,202.0
2009-09-29 10:36:46,51.7,100.0
2009-09-29 10:36:46,51.7,200.0
2009-09-29 10:37:06,51.72,100.0
2009-09-29 10:37:06,51.72,200.0
2009-09-29 10:37:08,51.72,200.0
2009-09-29 10:37:08,51.72,198.0
2009-09-29 10:37:08,51.73,100.0
2009-09-29 10:37:16,51.75,100.0
2009-09-29 10:37:21,51.74,500.0
2009-09-29 10:37:32,51.75,128.0
2009-09-29 10:37:32,51.75,272.0
2009-09-29 10:37:49,51.71,400.0
2009-09-29 10:37:59,51.75,200.0
2009-09-29 10:38:07,51.7598,100.0
2009-09-29 10:38:08,51.76,100.0
2009-09-29 10:38:18,51.74,100.0
2009-09-29 10:39:42,51.74,200.0
2009-09-29 10:39:49,51.75,100.0
2009-09-29 10:39:49,51.75,243.0
2009-09-29 10:40:03,51.77,100.0
2009-09-29 10:40:03,51.77,200.0
2009-09-29 10:40:18,51.78,100.0
2009-09-29 10:40:29,51.8075,204.0
2009-09-29 10:41:16,51.78,100.0
2009-09-29 10:41:23,51.77,200.0
2009-09-29 10:41:43,51.76,200.0
2009-09-29 10:41:53,51.74,200.0
2009-09-29 10:42:00,51.712,194.0
2009-09-29 10:42:03,51.72,200.0
2009-09-29 10:42:04,51.721,194.0
2009-09-29 10:42:08,51.702,484.0
2009-09-29 10:42:53,51.68,200.0
2009-09-29 10:43:03,51.69,100.0
2009-09-29 10:43:04,51.6856,405.0
2009-09-29 10:43:47,51.6846,341.0
2009-09-29 10:44:03,51.69,200.0
2009-09-29 10:44:04,51.7,100.0
2009-09-29 10:44:05,51.7082,700.0
2009-09-29 10:44:23,51.65,100.0
2009-09-29 10:44:33,51.66,100.0
2009-09-29 10:45:03,51.64,200.0
2009-09-29 10:45:17,51.64,200.0
2009-09-29 10:45:20,51.65,200.0
2009-09-29 10:45:20,51.65,200.0
2009-09-29 10:46:01,51.6691,100.0
2009-09-29 10:46:01,51.6698,100.0
2009-09-29 10:46:03,51.668,356.0
2009-09-29 10:46:03,51.66,200.0
2009-09-29 10:46:05,51.69,300.0
2009-09-29 10:46:07,51.68,200.0
2009-09-29 10:46:07,51.68,500.0
2009-09-29 10:46:07,51.68,100.0
2009-09-29 10:46:07,51.68,400.0
2009-09-29 10:46:47,51.68,300.0
2009-09-29 10:47:18,51.69,700.0
2009-09-29 10:47:56,51.6791,103.0
2009-09-29 10:49:15,51.682,831.0
2009-09-29 10:49:16,51.68,400.0
2009-09-29 10:49:37,51.675,363.0
2009-09-29 10:49:43,51.67,200.0
2009-09-29 10:50:03,51.67,200.0
2009-09-29 10:51:03,51.67,300.0
2009-09-29 10:51:23,51.65,100.0
2009-09-29 10:51:53,51.61,400.0
2009-09-29 10:51:56,51.63,100.0
2009-09-29 10:52:23,51.62,100.0
2009-09-29 10:52:23,51.6,400.0
2009-09-29 10:52:43,51.6,200.0
2009-09-29 10:53:07,51.61,200.0
2009-09-29 10:53:07,51.61,200.0
2009-09-29 10:53:08,51.62,400.0
2009-09-29 10:53:13,51.6,200.0
2009-09-29 10:53:33,51.61,100.0
2009-09-29 10:53:33,51.6,100.0
2009-09-29 10:53:46,51.63,200.0
2009-09-29 10:54:33,51.59,200.0
2009-09-29 10:54:53,51.6,100.0
2009-09-29 10:55:23,51.58,100.0
2009-09-29 10:55:53,51.6,100.0
2009-09-29 10:56:17,51.598,344.0
2009-09-29 10:56:23,51.57,200.0
2009-09-29 10:56:28,51.59,100.0
2009-09-29 10:56:32,51.583,100.0
2009-09-29 10:56:43,51.57,100.0
2009-09-29 10:57:03,51.57,100.0
2009-09-29 10:57:21,51.53,100.0
2009-09-29 10:57:21,51.53,300.0
2009-09-29 10:57:40,51.519,100.0
2009-09-29 10:57:40,51.518,100.0
2009-09-29 10:57:40,51.5274,100.0
2009-09-29 10:57:41,51.528,495.0
2009-09-29 10:58:02,51.5225,137.0
2009-09-29 10:58:33,51.48,100.0
2009-09-29 10:59:39,51.5095,450.0
2009-09-29 10:59:49,51.5,450.0
2009-09-29 11:00:13,51.44,100.0
2009-09-29 11:00:53,51.42,200.0
2009-09-29 11:01:59,51.44,200.0
2009-09-29 11:02:02,51.45,100.0
2009-09-29 11:02:02,51.45,113.0
2009-09-29 11:02:11,51.45399999999999,217.0
2009-09-29 11:02:19,51.46,200.0
2009-09-29 11:03:22,51.48,160.0
2009-09-29 11:04:31,51.51,200.0
2009-09-29 11:04:31,51.5099,375.0
2009-09-29 11:05:44,51.49,199.0
2009-09-29 11:06:29,51.4982,111.0
2009-09-29 11:06:39,51.5,125.0
2009-09-29 11:06:47,51.5,400.0
2009-09-29 11:07:09,51.5,100.0
2009-09-29 11:07:40,51.4998,100.0
2009-09-29 11:08:49,51.5,200.0
2009-09-29 11:10:04,51.51,200.0
2009-09-29 11:10:29,51.52,100.0
2009-09-29 11:10:29,51.5397,100.0
2009-09-29 11:10:29,51.5398,200.0
2009-09-29 11:10:29,51.5398,100.0
2009-09-29 11:11:17,51.514,178.0
2009-09-29 11:12:49,51.49,180.0
2009-09-29 11:14:52,51.49,113.0
2009-09-29 11:15:11,51.5,200.0
2009-09-29 11:15:22,51.5195,100.0
2009-09-29 11:15:42,51.5155,105.0
2009-09-29 11:16:29,51.5099,100.0
2009-09-29 11:16:44,51.4967,340.0
2009-09-29 11:17:53,51.5,111.0
2009-09-29 11:17:56,51.494,275.0
2009-09-29 11:18:50,51.4885,158.0
2009-09-29 11:19:59,51.48,188.0
2009-09-29 11:21:59,51.45,200.0
2009-09-29 11:22:48,51.44,156.0
2009-09-29 11:23:02,51.4635,265.0
2009-09-29 11:23:03,51.4518,165.0
2009-09-29 11:23:27,51.46,111.0
2009-09-29 11:24:49,51.47,111.0
2009-09-29 11:25:19,51.5096,100.0
2009-09-29 11:26:49,51.52,200.0
2009-09-29 11:27:19,51.52,200.0
2009-09-29 11:27:19,51.5354,270.0
2009-09-29 11:27:59,51.55,100.0
2009-09-29 11:28:06,51.5699,100.0
2009-09-29 11:28:06,51.57,170.0
2009-09-29 11:28:06,51.5699,170.0
2009-09-29 11:28:07,51.5699,100.0
2009-09-29 11:28:23,51.565,103.0
2009-09-29 11:28:29,51.56,100.0
2009-09-29 11:28:59,51.55,100.0
2009-09-29 11:29:30,51.56,200.0
2009-09-29 11:29:30,51.55,200.0
2009-09-29 11:29:32,51.555,300.0
2009-09-29 11:29:34,51.555,100.0
2009-09-29 11:29:36,51.565,200.0
2009-09-29 11:30:00,51.565,100.0
2009-09-29 11:30:09,51.58,300.0
2009-09-29 11:31:00,51.575,100.0
2009-09-29 11:31:33,51.5799,161.0
2009-09-29 11:31:49,51.57,200.0
2009-09-29 11:32:13,51.59,161.0
2009-09-29 11:32:29,51.57,900.0
2009-09-29 11:32:29,51.57,400.0
2009-09-29 11:33:20,51.54,100.0
2009-09-29 11:33:29,51.54,200.0
2009-09-29 11:34:13,51.55,300.0
2009-09-29 11:34:34,51.55,400.0
2009-09-29 11:34:49,51.5506,198.0
2009-09-29 11:34:49,51.55,198.0
2009-09-29 11:34:52,51.56,300.0
2009-09-29 11:34:52,51.56,200.0
2009-09-29 11:34:53,51.56,400.0
2009-09-29 11:35:16,51.56,950.0
2009-09-29 11:35:16,51.56,700.0
2009-09-29 11:35:21,51.56,136.0
2009-09-29 11:35:21,51.56,200.0
2009-09-29 11:36:28,51.57,1200.0
2009-09-29 11:37:06,51.57,300.0
2009-09-29 11:37:06,51.57,400.0
2009-09-29 11:37:06,51.57,100.0
2009-09-29 11:37:06,51.57,300.0
2009-09-29 11:37:49,51.54,100.0
2009-09-29 11:39:02,51.511,331.0
2009-09-29 11:41:26,51.52,200.0
2009-09-29 11:44:32,51.49,300.0
2009-09-29 11:44:58,51.4748,122.0
2009-09-29 11:45:01,51.474,180.0
2009-09-29 11:46:19,51.4,200.0
2009-09-29 11:47:04,51.4,122.0
2009-09-29 11:47:59,51.37,200.0
2009-09-29 11:48:32,51.4,200.0
2009-09-29 11:50:15,51.4148,345.0
2009-09-29 11:51:22,51.409,200.0
2009-09-29 11:51:22,51.409,100.0
2009-09-29 11:51:23,51.408,280.0
2009-09-29 11:52:01,51.4024,100.0
2009-09-29 11:52:19,51.41,300.0
2009-09-29 11:52:19,51.41,278.0
2009-09-29 11:53:04,51.432,937.0
2009-09-29 11:53:11,51.45,292.0
2009-09-29 11:53:20,51.47,172.0
2009-09-29 11:53:59,51.478,179.0
2009-09-29 11:54:42,51.4756,100.0
2009-09-29 11:58:43,51.46,108.0
2009-09-29 11:58:44,51.46,292.0
2009-09-29 11:58:44,51.46,400.0
2009-09-29 11:58:45,51.45,500.0
2009-09-29 11:58:45,51.45,1000.0
2009-09-29 11:58:45,51.45,2000.0
2009-09-29 11:58:45,51.45,2600.0
2009-09-29 11:58:47,51.45,300.0
2009-09-29 11:58:52,51.469,100.0
2009-09-29 12:00:10,51.4533,120.0
2009-09-29 12:00:15,51.45,2000.0
2009-09-29 12:00:17,51.4504,851.0
2009-09-29 12:02:43,51.49,400.0
2009-09-29 12:07:47,51.52,400.0
2009-09-29 12:07:48,51.5199,523.0
2009-09-29 12:08:13,51.51,800.0
2009-09-29 12:08:14,51.51,400.0
2009-09-29 12:08:38,51.5,1178.0
2009-09-29 12:09:25,51.51,105.0
2009-09-29 12:09:30,51.518,117.0
2009-09-29 12:10:27,51.52,300.0
2009-09-29 12:11:09,51.52,100.0
2009-09-29 12:11:19,51.52,800.0
2009-09-29 12:11:19,51.5,400.0
2009-09-29 12:12:18,51.5082,121.0
2009-09-29 12:14:34,51.53,300.0
2009-09-29 12:14:34,51.53,400.0
2009-09-29 12:14:34,51.54,200.0
2009-09-29 12:14:34,51.54,200.0
2009-09-29 12:15:11,51.57,400.0
2009-09-29 12:15:39,51.56,150.0
2009-09-29 12:16:15,51.5799,400.0
2009-09-29 12:17:49,51.56,200.0
2009-09-29 12:18:38,51.578,125.0
2009-09-29 12:19:47,51.55,300.0
2009-09-29 12:20:09,51.56,400.0
2009-09-29 12:22:09,51.53,200.0
2009-09-29 12:22:14,51.5482,800.0
2009-09-29 12:22:47,51.53,378.0
2009-09-29 12:24:39,51.4793,100.0
2009-09-29 12:24:39,51.4793,200.0
2009-09-29 12:24:40,51.48,117.0
2009-09-29 12:25:34,51.48,200.0
2009-09-29 12:26:46,51.52,183.0
2009-09-29 12:26:57,51.526,182.0
2009-09-29 12:27:59,51.54,200.0
2009-09-29 12:28:58,51.53,400.0
2009-09-29 12:28:58,51.52,500.0
2009-09-29 12:28:58,51.52,183.0
2009-09-29 12:29:19,51.49,300.0
2009-09-29 12:29:19,51.49,100.0
2009-09-29 12:29:19,51.4902,100.0
2009-09-29 12:29:19,51.4901,400.0
2009-09-29 12:29:19,51.49,308.0
2009-09-29 12:29:20,51.5084,400.0
2009-09-29 12:29:20,51.5086,350.0
2009-09-29 12:29:20,51.5086,450.0
2009-09-29 12:29:20,51.5095,100.0
2009-09-29 12:29:20,51.50899999999999,200.0
2009-09-29 12:29:21,51.507,100.0
2009-09-29 12:29:21,51.504,593.0
2009-09-29 12:30:22,51.53,400.0
2009-09-29 12:31:16,51.53,500.0
2009-09-29 12:32:58,51.53,500.0
2009-09-29 12:32:58,51.53,100.0
2009-09-29 12:32:58,51.53,300.0
2009-09-29 12:34:03,51.55,200.0
2009-09-29 12:34:03,51.55,495.0
2009-09-29 12:34:19,51.55,300.0
2009-09-29 12:34:19,51.55,500.0
2009-09-29 12:34:27,51.5682,135.0
2009-09-29 12:34:46,51.55,205.0
2009-09-29 12:34:54,51.56,200.0
2009-09-29 12:36:29,51.56,100.0
2009-09-29 12:40:58,51.58,295.0
2009-09-29 12:41:00,51.5792,390.0
2009-09-29 12:41:35,51.58,390.0
2009-09-29 12:42:45,51.58,200.0
2009-09-29 12:43:38,51.5896,302.0
2009-09-29 12:43:38,51.5882,700.0
2009-09-29 12:44:38,51.588,775.0
2009-09-29 12:48:06,51.62,195.0
2009-09-29 12:48:14,51.6118,199.0
2009-09-29 12:48:21,51.6,700.0
2009-09-29 12:50:39,51.59,200.0
2009-09-29 12:51:19,51.6,400.0
2009-09-29 12:51:28,51.61,500.0
2009-09-29 12:52:06,51.63,125.0
2009-09-29 12:52:29,51.61,200.0
2009-09-29 12:53:14,51.6296,300.0
2009-09-29 12:53:14,51.6282,200.0
2009-09-29 12:53:22,51.65,100.0
2009-09-29 12:53:36,51.65,100.0
2009-09-29 12:53:39,51.66,400.0
2009-09-29 12:53:39,51.66,100.0
2009-09-29 12:53:45,51.6699,100.0
2009-09-29 12:53:45,51.67,200.0
2009-09-29 12:53:45,51.67,500.0
2009-09-29 12:53:47,51.67,400.0
2009-09-29 12:53:47,51.67,217.0
2009-09-29 12:53:47,51.67,212.0
2009-09-29 12:53:51,51.666,129.0
2009-09-29 12:53:52,51.68,100.0
2009-09-29 12:53:55,51.68,900.0
2009-09-29 12:53:59,51.67,470.0
2009-09-29 12:55:49,51.63,200.0
2009-09-29 12:58:29,51.6291,598.0
2009-09-29 13:01:14,51.72,400.0
2009-09-29 13:01:14,51.72,400.0
2009-09-29 13:02:29,51.71,200.0
2009-09-29 13:03:19,51.73,183.0
2009-09-29 13:03:19,51.73,500.0
2009-09-29 13:03:52,51.73,100.0
2009-09-29 13:04:01,51.74,200.0
2009-09-29 13:04:01,51.7397,100.0
2009-09-29 13:04:30,51.7232,895.0
2009-09-29 13:06:59,51.77,500.0
2009-09-29 13:09:09,51.73,200.0
2009-09-29 13:10:49,51.72,200.0
2009-09-29 13:10:52,51.73,100.0
2009-09-29 13:11:07,51.7499,100.0
2009-09-29 13:11:12,51.746,139.0
2009-09-29 13:12:49,51.75,200.0
2009-09-29 13:13:43,51.7578,120.0
2009-09-29 13:13:58,51.761,102.0
2009-09-29 13:14:28,51.75,200.0
2009-09-29 13:15:10,51.75,100.0
2009-09-29 13:18:39,51.72,175.0
2009-09-29 13:19:18,51.71,500.0
2009-09-29 13:19:48,51.7,168.0
2009-09-29 13:20:28,51.7,270.0
2009-09-29 13:20:30,51.71,200.0
2009-09-29 13:22:33,51.692,527.0
2009-09-29 13:23:42,51.73,500.0
2009-09-29 13:26:31,51.7275,1000.0
2009-09-29 13:30:07,51.74,300.0
2009-09-29 13:30:07,51.74,640.0
2009-09-29 13:30:14,51.73,305.0
2009-09-29 13:31:49,51.72,315.0
2009-09-29 13:33:28,51.72,177.0
2009-09-29 13:36:32,51.69,500.0
2009-09-29 13:36:38,51.7,100.0
2009-09-29 13:36:38,51.7,200.0
2009-09-29 13:37:17,51.73,300.0
2009-09-29 13:37:32,51.721,194.0
2009-09-29 13:37:52,51.75,471.0
2009-09-29 13:38:34,51.75,500.0
2009-09-29 13:38:34,51.75,300.0
2009-09-29 13:38:51,51.73,500.0
2009-09-29 13:38:51,51.73,371.0
2009-09-29 13:39:28,51.713,230.0
2009-09-29 13:40:39,51.712,429.0
2009-09-29 13:41:48,51.7053,214.0
2009-09-29 13:43:02,51.7015,600.0
2009-09-29 13:44:28,51.72,324.0
2009-09-29 13:45:37,51.74,291.0
2009-09-29 13:47:08,51.74,200.0
2009-09-29 13:48:22,51.7026,239.0
2009-09-29 13:49:26,51.692,325.0
2009-09-29 13:50:43,51.7075,148.0
2009-09-29 13:52:21,51.75,400.0
2009-09-29 13:52:22,51.76,362.0
2009-09-29 13:52:57,51.74,600.0
2009-09-29 13:52:57,51.738,270.0
2009-09-29 13:52:58,51.7399,300.0
2009-09-29 13:52:58,51.7399,500.0
2009-09-29 13:52:58,51.7399,400.0
2009-09-29 13:52:58,51.74,400.0
2009-09-29 13:56:40,51.7499,300.0
2009-09-29 13:57:06,51.72,300.0
2009-09-29 13:58:34,51.74,140.0
2009-09-29 13:59:17,51.74100000000001,338.0
2009-09-29 13:59:56,51.7422,159.0
2009-09-29 14:00:10,51.75,125.0
2009-09-29 14:00:48,51.74,300.0
2009-09-29 14:02:52,51.72,500.0
2009-09-29 14:02:52,51.72,126.0
2009-09-29 14:02:53,51.7,300.0
2009-09-29 14:03:02,51.69,300.0
2009-09-29 14:03:15,51.7,900.0
2009-09-29 14:03:15,51.7,151.0
2009-09-29 14:03:58,51.7,400.0
2009-09-29 14:05:35,51.6746,205.0
2009-09-29 14:07:10,51.659,400.0
2009-09-29 14:07:44,51.652,210.0
2009-09-29 14:08:54,51.6504,238.0
2009-09-29 14:10:18,51.6565,404.0
2009-09-29 14:12:38,51.66,132.0
2009-09-29 14:13:00,51.66,104.0
2009-09-29 14:13:07,51.669,300.0
2009-09-29 14:16:28,51.68,500.0
2009-09-29 14:16:28,51.69,145.0
2009-09-29 14:16:28,51.69,257.0
2009-09-29 14:16:28,51.6896,400.0
2009-09-29 14:18:35,51.6901,1000.0
2009-09-29 14:19:29,51.6996,190.0
2009-09-29 14:20:02,51.692,150.0
2009-09-29 14:22:52,51.684,330.0
2009-09-29 14:23:55,51.67,104.0
2009-09-29 14:23:55,51.6735,104.0
2009-09-29 14:24:05,51.6674,301.0
2009-09-29 14:25:54,51.652,196.0
2009-09-29 14:26:29,51.651,1487.0
2009-09-29 14:28:06,51.6792,166.0
2009-09-29 14:28:21,51.66,300.0
2009-09-29 14:28:46,51.6625,260.0
2009-09-29 14:29:19,51.67,200.0
2009-09-29 14:29:19,51.6778,600.0
2009-09-29 14:30:20,51.678,344.0
2009-09-29 14:30:57,51.668,177.0
2009-09-29 14:31:56,51.65,100.0
2009-09-29 14:32:07,51.642,870.0
2009-09-29 14:35:40,51.6,300.0
2009-09-29 14:35:40,51.6,300.0
2009-09-29 14:35:49,51.5999,200.0
2009-09-29 14:37:07,51.591,100.0
2009-09-29 14:40:47,51.598,200.0
2009-09-29 14:43:34,51.6092,500.0
2009-09-29 14:45:33,51.587,798.0
2009-09-29 14:45:47,51.6,200.0
2009-09-29 14:45:53,51.59,500.0
2009-09-29 14:47:39,51.585,175.0
2009-09-29 14:48:49,51.5991,300.0
2009-09-29 14:48:51,51.5935,112.0
2009-09-29 14:49:30,51.5996,500.0
2009-09-29 14:51:14,51.5999,150.0
2009-09-29 14:52:16,51.61,300.0
2009-09-29 14:52:16,51.61,500.0
2009-09-29 14:52:37,51.6025,145.0
2009-09-29 14:53:46,51.61,100.0
2009-09-29 14:53:52,51.62,150.0
2009-09-29 14:53:59,51.63,400.0
2009-09-29 14:54:00,51.63,300.0
2009-09-29 14:55:44,51.68,900.0
2009-09-29 14:56:53,51.68,200.0
2009-09-29 14:58:16,51.67,200.0
2009-09-29 14:58:18,51.66,300.0
2009-09-29 14:58:21,51.65,400.0
2009-09-29 14:58:57,51.6775,289.0
2009-09-29 14:59:03,51.6646,123.0
2009-09-29 14:59:26,51.67,300.0
2009-09-29 14:59:27,51.67,587.0
2009-09-29 14:59:27,51.66,410.0
2009-09-29 14:59:32,51.66,400.0
2009-09-29 14:59:32,51.66,187.0
2009-09-29 14:59:44,51.658,109.0
2009-09-29 15:00:16,51.67,500.0
2009-09-29 15:01:03,51.6896,300.0
2009-09-29 15:01:03,51.6882,400.0
2009-09-29 15:03:11,51.654,203.0
2009-09-29 15:04:21,51.6692,250.0
2009-09-29 15:05:08,51.659,225.0
2009-09-29 15:05:17,51.6504,131.0
2009-09-29 15:06:12,51.65,302.0
2009-09-29 15:06:44,51.6523,109.0
2009-09-29 15:09:13,51.67,3880.0
2009-09-29 15:09:15,51.67,150.0
2009-09-29 15:09:52,51.6521,242.0
2009-09-29 15:10:28,51.67,337.0
2009-09-29 15:12:17,51.6548,328.0
2009-09-29 15:12:55,51.6518,600.0
2009-09-29 15:13:49,51.6424,117.0
2009-09-29 15:14:02,51.6315,240.0
2009-09-29 15:14:04,51.65,200.0
2009-09-29 15:14:05,51.6464,700.0
2009-09-29 15:14:15,51.63,300.0
2009-09-29 15:14:27,51.6165,272.0
2009-09-29 15:14:27,51.6165,100.0
2009-09-29 15:14:29,51.61,300.0
2009-09-29 15:14:31,51.62,100.0
2009-09-29 15:14:44,51.639,386.0
2009-09-29 15:18:01,51.641000000000005,291.0
2009-09-29 15:20:01,51.6225,1260.0
2009-09-29 15:20:43,51.6206,1881.0
2009-09-29 15:21:31,51.639,1175.0
2009-09-29 15:23:31,51.6785,210.0
2009-09-29 15:23:41,51.6626,120.0
2009-09-29 15:25:57,51.679,225.0
2009-09-29 15:26:41,51.669,205.0
2009-09-29 15:28:45,51.64,300.0
2009-09-29 15:29:00,51.6,300.0
2009-09-29 15:29:10,51.58,264.0
2009-09-29 15:29:35,51.58,400.0
2009-09-29 15:30:19,51.57,200.0
2009-09-29 15:30:24,51.59,600.0
2009-09-29 15:30:24,51.59,548.0
2009-09-29 15:30:24,51.59,300.0
2009-09-29 15:30:31,51.59,200.0
2009-09-29 15:30:40,51.56,400.0
2009-09-29 15:31:01,51.542,750.0
2009-09-29 15:31:13,51.545,778.0
2009-09-29 15:31:31,51.55,400.0
2009-09-29 15:31:32,51.55,400.0
2009-09-29 15:31:32,51.56,461.0
2009-09-29 15:31:32,51.5596,700.0
2009-09-29 15:31:57,51.5501,200.0
2009-09-29 15:31:57,51.5501,100.0
2009-09-29 15:31:57,51.55,400.0
2009-09-29 15:32:00,51.5404,100.0
2009-09-29 15:32:28,51.5425,169.0
2009-09-29 15:32:33,51.5499,380.0
2009-09-29 15:33:03,51.56,108.0
2009-09-29 15:33:21,51.5561,300.0
2009-09-29 15:33:51,51.541,310.0
2009-09-29 15:34:28,51.563,596.0
2009-09-29 15:34:29,51.552,581.0
2009-09-29 15:34:42,51.59,196.0
2009-09-29 15:34:45,51.5882,120.0
2009-09-29 15:34:48,51.59,120.0
2009-09-29 15:36:01,51.5724,114.0
2009-09-29 15:37:46,51.61,200.0
2009-09-29 15:37:48,51.61,400.0
2009-09-29 15:37:48,51.61,100.0
2009-09-29 15:37:48,51.61,136.0
2009-09-29 15:37:48,51.61,200.0
2009-09-29 15:37:49,51.6,200.0
2009-09-29 15:38:42,51.6,200.0
2009-09-29 15:38:42,51.6,300.0
2009-09-29 15:40:13,51.57,300.0
2009-09-29 15:40:18,51.57,500.0
2009-09-29 15:44:06,51.5999,300.0
2009-09-29 15:44:06,51.5999,100.0
2009-09-29 15:44:06,51.61,1500.0
2009-09-29 15:44:06,51.5999,215.0
2009-09-29 15:44:06,51.6099,1500.0
2009-09-29 15:44:06,51.6099,1175.0
2009-09-29 15:44:06,51.61,1175.0
2009-09-29 15:44:06,51.6,215.0
2009-09-29 15:44:53,51.58,102.0
2009-09-29 15:45:07,51.56,300.0
2009-09-29 15:45:07,51.56,281.0
2009-09-29 15:45:07,51.56,284.0
2009-09-29 15:46:00,51.57,400.0
2009-09-29 15:46:01,51.56100000000001,100.0
2009-09-29 15:46:02,51.57,200.0
2009-09-29 15:46:05,51.6,110.0
2009-09-29 15:46:34,51.5909,254.0
2009-09-29 15:46:38,51.6046,210.0
2009-09-29 15:46:41,51.59,100.0
2009-09-29 15:46:46,51.5916,250.0
2009-09-29 15:48:01,51.591,151.0
2009-09-29 15:48:04,51.59,200.0
2009-09-29 15:48:28,51.57,100.0
2009-09-29 15:49:27,51.5699,255.0
2009-09-29 15:49:30,51.562,123.0
2009-09-29 15:50:11,51.5426,425.0
2009-09-29 15:50:16,51.54,400.0
2009-09-29 15:50:50,51.54,278.0
2009-09-29 15:50:50,51.54,480.0
2009-09-29 15:51:00,51.549,100.0
2009-09-29 15:51:22,51.55,400.0
2009-09-29 15:51:22,51.53,164.0
2009-09-29 15:51:22,51.53,136.0
2009-09-29 15:51:22,51.53,164.0
2009-09-29 15:51:44,51.48,425.0
2009-09-29 15:51:44,51.51,300.0
2009-09-29 15:51:44,51.51,500.0
2009-09-29 15:51:55,51.48,410.0
2009-09-29 15:52:10,51.52,300.0
2009-09-29 15:52:10,51.52,171.0
2009-09-29 15:52:31,51.49,200.0
2009-09-29 15:52:31,51.48,100.0
2009-09-29 15:52:34,51.5,271.0
2009-09-29 15:52:34,51.5,173.0
2009-09-29 15:52:34,51.5,400.0
2009-09-29 15:53:15,51.5,500.0
2009-09-29 15:53:17,51.49,550.0
2009-09-29 15:54:50,51.5199,200.0
2009-09-29 15:55:02,51.5,160.0
2009-09-29 15:55:33,51.484,119.0
2009-09-29 15:55:52,51.5,500.0
2009-09-29 15:55:59,51.5,700.0
2009-09-29 15:56:58,51.51,200.0
2009-09-29 15:57:02,51.5,312.0
2009-09-29 15:57:02,51.5,188.0
2009-09-29 15:57:26,51.5,260.0
2009-09-29 15:58:37,51.51,100.0
2009-09-29 15:58:42,51.5205,485.0
2009-09-29 15:58:50,51.51,279.0
2009-09-29 15:59:10,51.52,136.0
2009-09-29 15:59:48,51.53,1597.0
2009-09-29 15:59:49,51.53,149.0
2009-09-29 15:59:49,51.53,324.0
2009-09-29 15:59:57,51.52,400.0
2009-09-29 15:59:57,51.52,232.0
2009-09-29 15:59:59,51.51,632.0
2009-09-29 16:00:00,51.49,700.0
2009-09-30 09:29:52,51.66,1000.0
2009-09-30 09:29:53,51.66,400.0
2009-09-30 09:29:53,51.66,200.0
2009-09-30 09:29:57,51.66,1000.0
2009-09-30 09:30:00,51.69,432.0
2009-09-30 09:30:00,51.59,1000.0
2009-09-30 09:30:00,51.59,2000.0
2009-09-30 09:30:00,51.57,882.0
2009-09-30 09:30:00,51.58,100.0
2009-09-30 09:30:00,51.58,900.0
2009-09-30 09:30:01,51.6,136.0
2009-09-30 09:30:05,51.6644,330.0
2009-09-30 09:31:05,51.66,156.0
2009-09-30 09:31:41,51.66,624.0
2009-09-30 09:31:50,51.66,300.0
2009-09-30 09:31:50,51.66,376.0
2009-09-30 09:31:50,51.66,124.0
2009-09-30 09:31:55,51.66,500.0
2009-09-30 09:31:58,51.6599,125.0
2009-09-30 09:31:59,51.66,500.0
2009-09-30 09:32:03,51.65,100.0
2009-09-30 09:32:03,51.65,200.0
2009-09-30 09:32:32,51.6325,132.0
2009-09-30 09:33:36,51.6,500.0
2009-09-30 09:33:36,51.6,100.0
2009-09-30 09:33:36,51.6,400.0
2009-09-30 09:33:38,51.59,100.0
2009-09-30 09:33:48,51.59,200.0
2009-09-30 09:33:48,51.59,300.0
2009-09-30 09:34:13,51.5897,100.0
2009-09-30 09:34:13,51.59,100.0
2009-09-30 09:34:13,51.59,160.0
2009-09-30 09:34:13,51.5899,100.0
2009-09-30 09:34:33,51.5875,226.0
2009-09-30 09:34:37,51.57,200.0
2009-09-30 09:34:40,51.5728,170.0
2009-09-30 09:34:47,51.55,500.0
2009-09-30 09:34:47,51.57,100.0
2009-09-30 09:34:47,51.57,100.0
2009-09-30 09:34:49,51.55,200.0
2009-09-30 09:34:49,51.55,300.0
2009-09-30 09:35:02,51.55,100.0
2009-09-30 09:35:10,51.54,300.0
2009-09-30 09:35:10,51.54,400.0
2009-09-30 09:35:29,51.55,100.0
2009-09-30 09:35:37,51.56,100.0
2009-09-30 09:35:55,51.58,200.0
2009-09-30 09:35:55,51.58,100.0
2009-09-30 09:36:34,51.6,400.0
2009-09-30 09:36:34,51.6,300.0
2009-09-30 09:37:07,51.5965,145.0
2009-09-30 09:37:31,51.57,100.0
2009-09-30 09:37:31,51.57,300.0
2009-09-30 09:37:31,51.56399999999999,100.0
2009-09-30 09:37:31,51.56399999999999,300.0
2009-09-30 09:37:32,51.56399999999999,368.0
2009-09-30 09:37:54,51.5731,213.0
2009-09-30 09:38:13,51.62,216.0
2009-09-30 09:38:43,51.59,100.0
2009-09-30 09:40:05,51.588,125.0
2009-09-30 09:41:11,51.56,100.0
2009-09-30 09:41:27,51.55,100.0
2009-09-30 09:41:33,51.5644,109.0
2009-09-30 09:42:11,51.51,238.0
2009-09-30 09:42:11,51.47,100.0
2009-09-30 09:42:11,51.47,480.0
2009-09-30 09:42:12,51.54,100.0
2009-09-30 09:42:17,51.52,100.0
2009-09-30 09:43:21,51.34,200.0
2009-09-30 09:43:21,51.34,300.0
2009-09-30 09:43:21,51.34,900.0
2009-09-30 09:43:21,51.34,1600.0
2009-09-30 09:43:21,51.34,500.0
2009-09-30 09:43:21,51.34,1000.0
2009-09-30 09:43:22,51.34,300.0
2009-09-30 09:43:23,51.34,100.0
2009-09-30 09:43:51,51.38,1900.0
2009-09-30 09:43:53,51.38,900.0
2009-09-30 09:44:01,51.35,300.0
2009-09-30 09:44:16,51.32,100.0
2009-09-30 09:44:16,51.32,200.0
2009-09-30 09:44:33,51.35,100.0
2009-09-30 09:44:40,51.33,101.0
2009-09-30 09:44:45,51.33,100.0
2009-09-30 09:44:45,51.35,100.0
2009-09-30 09:44:46,51.31,198.0
2009-09-30 09:44:46,51.31,806.0
2009-09-30 09:44:47,51.33,600.0
2009-09-30 09:44:47,51.33,500.0
2009-09-30 09:44:47,51.31,500.0
2009-09-30 09:44:51,51.33,200.0
2009-09-30 09:44:58,51.29,100.0
2009-09-30 09:45:01,51.25,200.0
2009-09-30 09:45:01,51.25,300.0
2009-09-30 09:45:01,51.25,100.0
2009-09-30 09:45:01,51.25,593.0
2009-09-30 09:45:01,51.25,107.0
2009-09-30 09:45:01,51.22,100.0
2009-09-30 09:45:01,51.24,100.0
2009-09-30 09:45:02,51.2101,178.0
2009-09-30 09:45:05,51.21,300.0
2009-09-30 09:45:08,51.24,100.0
2009-09-30 09:45:10,51.22,400.0
2009-09-30 09:45:10,51.22,100.0
2009-09-30 09:45:16,51.18,100.0
2009-09-30 09:45:17,51.15,100.0
2009-09-30 09:45:20,51.17,100.0
2009-09-30 09:45:21,51.17,100.0
2009-09-30 09:45:29,51.197,485.0
2009-09-30 09:45:29,51.2,100.0
2009-09-30 09:45:41,51.16,100.0
2009-09-30 09:46:02,51.14,400.0
2009-09-30 09:46:02,51.17,200.0
2009-09-30 09:46:09,51.1731,111.0
2009-09-30 09:46:14,51.2,100.0
2009-09-30 09:46:17,51.17,100.0
2009-09-30 09:46:17,51.17,300.0
2009-09-30 09:46:27,51.19,100.0
2009-09-30 09:47:37,51.0969,100.0
2009-09-30 09:47:58,51.06,100.0
2009-09-30 09:47:58,51.06,200.0
2009-09-30 09:48:12,51.03,100.0
2009-09-30 09:48:16,51.03,100.0
2009-09-30 09:48:48,51.0,145.0
2009-09-30 09:48:52,51.0231,150.0
2009-09-30 09:48:58,51.03,100.0
2009-09-30 09:49:14,51.01,300.0
2009-09-30 09:50:00,51.01,100.0
2009-09-30 09:50:06,51.0,238.0
2009-09-30 09:50:27,50.9678,228.0
2009-09-30 09:50:31,50.97,100.0
2009-09-30 09:51:02,50.9427,676.0
2009-09-30 09:51:17,50.97,100.0
2009-09-30 09:51:17,50.97,100.0
2009-09-30 09:51:41,50.97,300.0
2009-09-30 09:51:41,50.97,100.0
2009-09-30 09:51:41,50.97,100.0
2009-09-30 09:51:49,50.94,100.0
2009-09-30 09:51:49,50.94,1300.0
2009-09-30 09:51:58,50.95,100.0
2009-09-30 09:51:58,50.96,100.0
2009-09-30 09:51:58,50.96,300.0
2009-09-30 09:52:00,50.95,100.0
2009-09-30 09:52:01,50.94,400.0
2009-09-30 09:52:01,50.942,550.0
2009-09-30 09:52:11,50.98,100.0
2009-09-30 09:52:11,50.98,900.0
2009-09-30 09:52:11,50.98,500.0
2009-09-30 09:52:11,50.98,100.0
2009-09-30 09:52:12,50.98,216.0
2009-09-30 09:52:37,51.0,100.0
2009-09-30 09:52:47,51.04,100.0
2009-09-30 09:52:48,51.04,100.0
2009-09-30 09:52:48,51.04,200.0
2009-09-30 09:52:49,51.02,116.0
2009-09-30 09:52:49,51.02,684.0
2009-09-30 09:52:49,51.03,2000.0
2009-09-30 09:52:54,51.02,323.0
2009-09-30 09:53:05,51.04,400.0
2009-09-30 09:53:05,51.04,100.0
2009-09-30 09:53:05,51.03,100.0
2009-09-30 09:53:40,51.04,100.0
2009-09-30 09:54:42,51.05,148.0
2009-09-30 09:54:54,51.0652,173.0
2009-09-30 09:55:02,51.04,284.0
2009-09-30 09:55:56,50.96,100.0
2009-09-30 09:56:31,50.95,200.0
2009-09-30 09:56:44,50.935,315.0
2009-09-30 09:56:53,50.89,109.0
2009-09-30 09:56:57,50.9,100.0
2009-09-30 09:56:57,50.9,100.0
2009-09-30 09:56:57,50.9,114.0
2009-09-30 09:56:58,50.89,100.0
2009-09-30 09:57:12,50.84,200.0
2009-09-30 09:57:12,50.84,184.0
2009-09-30 09:57:12,50.84,100.0
2009-09-30 09:57:12,50.84,136.0
2009-09-30 09:57:13,50.84,296.0
2009-09-30 09:57:13,50.84,395.0
2009-09-30 09:57:13,50.81,175.0
2009-09-30 09:57:14,50.82,327.0
2009-09-30 09:57:16,50.82,500.0
2009-09-30 09:57:16,50.82,200.0
2009-09-30 09:57:16,50.82,100.0
2009-09-30 09:57:17,50.82,108.0
2009-09-30 09:57:17,50.82,366.0
2009-09-30 09:57:26,50.8,100.0
2009-09-30 09:57:26,50.81,500.0
2009-09-30 09:57:28,50.79,100.0
2009-09-30 09:58:15,50.82,100.0
2009-09-30 09:58:15,50.82,270.0
2009-09-30 09:59:05,50.89,400.0
2009-09-30 09:59:05,50.9,500.0
2009-09-30 09:59:05,50.9,100.0
2009-09-30 09:59:05,50.9,300.0
2009-09-30 09:59:05,50.9,200.0
2009-09-30 09:59:05,50.89,100.0
2009-09-30 09:59:29,50.87,100.0
2009-09-30 09:59:32,50.854,110.0
2009-09-30 10:00:00,50.85,100.0
2009-09-30 10:00:00,50.85,100.0
2009-09-30 10:00:02,50.83,100.0
2009-09-30 10:00:08,50.82,300.0
2009-09-30 10:00:08,50.82,500.0
2009-09-30 10:00:08,50.82,200.0
2009-09-30 10:00:08,50.82,500.0
2009-09-30 10:00:08,50.82,100.0
2009-09-30 10:00:09,50.83,100.0
2009-09-30 10:00:11,50.82,1069.0
2009-09-30 10:00:48,50.85,100.0
2009-09-30 10:00:49,50.83,100.0
2009-09-30 10:00:50,50.84,100.0
2009-09-30 10:00:50,50.84,400.0
2009-09-30 10:00:50,50.84,100.0
2009-09-30 10:00:50,50.85,100.0
2009-09-30 10:01:08,50.89,188.0
2009-09-30 10:01:19,50.87,100.0
2009-09-30 10:01:25,50.85,800.0
2009-09-30 10:01:25,50.85,200.0
2009-09-30 10:01:31,50.8636,1258.0
2009-09-30 10:01:32,50.89,100.0
2009-09-30 10:01:32,50.89,300.0
2009-09-30 10:01:32,50.89,300.0
2009-09-30 10:01:33,50.89,100.0
2009-09-30 10:01:51,50.9,200.0
2009-09-30 10:01:51,50.89,100.0
2009-09-30 10:01:51,50.89,200.0
2009-09-30 10:02:04,50.9,100.0
2009-09-30 10:02:04,50.9,200.0
2009-09-30 10:02:19,50.91,200.0
2009-09-30 10:02:22,50.91,100.0
2009-09-30 10:02:32,50.92,100.0
2009-09-30 10:02:52,50.8782,865.0
2009-09-30 10:03:08,50.8775,120.0
2009-09-30 10:03:44,50.88,100.0
2009-09-30 10:03:45,50.9,900.0
2009-09-30 10:03:51,50.87,100.0
2009-09-30 10:03:51,50.87,100.0
2009-09-30 10:03:53,50.89,917.0
2009-09-30 10:03:53,50.89,517.0
2009-09-30 10:03:53,50.89,383.0
2009-09-30 10:04:02,50.89,100.0
2009-09-30 10:04:18,50.83,100.0
2009-09-30 10:06:07,50.84,2455.0
2009-09-30 10:06:09,50.8617,100.0
2009-09-30 10:06:12,50.85,100.0
2009-09-30 10:07:24,50.8723,450.0
2009-09-30 10:08:59,50.86,200.0
2009-09-30 10:08:59,50.86,100.0
2009-09-30 10:08:59,50.86,100.0
2009-09-30 10:08:59,50.86,100.0
2009-09-30 10:09:03,50.84,500.0
2009-09-30 10:09:47,50.78,100.0
2009-09-30 10:09:51,50.81,149.0
2009-09-30 10:09:56,50.818000000000005,152.0
2009-09-30 10:10:25,50.82,900.0
2009-09-30 10:10:40,50.85,100.0
2009-09-30 10:11:07,50.821000000000005,600.0
2009-09-30 10:11:10,50.8382,509.0
2009-09-30 10:11:15,50.81,500.0
2009-09-30 10:11:18,50.82,272.0
2009-09-30 10:11:29,50.85,600.0
2009-09-30 10:11:29,50.85,380.0
2009-09-30 10:12:08,50.88,100.0
2009-09-30 10:13:11,50.87,100.0
2009-09-30 10:14:00,50.91,100.0
2009-09-30 10:14:00,50.91,500.0
2009-09-30 10:15:07,50.9,100.0
2009-09-30 10:15:07,50.9,200.0
2009-09-30 10:15:12,50.892,177.0
2009-09-30 10:15:50,50.9195,1031.0
2009-09-30 10:16:49,50.89,436.0
2009-09-30 10:16:53,50.88,300.0
2009-09-30 10:16:59,50.86,196.0
2009-09-30 10:16:59,50.86,200.0
2009-09-30 10:17:00,50.8601,100.0
2009-09-30 10:17:24,50.88,400.0
2009-09-30 10:18:55,50.89,145.0
2009-09-30 10:20:39,50.82,436.0
2009-09-30 10:20:52,50.86,100.0
2009-09-30 10:22:30,50.88,100.0
2009-09-30 10:22:30,50.86,100.0
2009-09-30 10:22:32,50.8646,157.0
2009-09-30 10:24:10,50.8675,355.0
2009-09-30 10:24:54,50.8453,100.0
2009-09-30 10:24:56,50.84,157.0
2009-09-30 10:24:57,50.84,172.0
2009-09-30 10:25:09,50.82,400.0
2009-09-30 10:25:26,50.8452,389.0
2009-09-30 10:25:37,50.8276,260.0
2009-09-30 10:25:41,50.81,100.0
2009-09-30 10:26:16,50.81,679.0
2009-09-30 10:28:39,50.8475,170.0
2009-09-30 10:28:44,50.848,100.0
2009-09-30 10:30:03,50.88,500.0
2009-09-30 10:30:04,50.88,100.0
2009-09-30 10:30:17,50.8699,885.0
2009-09-30 10:30:43,50.88,200.0
2009-09-30 10:31:50,50.82,100.0
2009-09-30 10:31:56,50.8,400.0
2009-09-30 10:31:56,50.81,100.0
2009-09-30 10:32:21,50.85,813.0
2009-09-30 10:32:43,50.85,100.0
2009-09-30 10:33:10,50.8552,123.0
2009-09-30 10:33:16,50.85,400.0
2009-09-30 10:33:19,50.84,400.0
2009-09-30 10:33:33,50.83,400.0
2009-09-30 10:34:00,50.82,100.0
2009-09-30 10:34:34,50.8654,144.0
2009-09-30 10:35:15,50.83,300.0
2009-09-30 10:35:15,50.83,100.0
2009-09-30 10:36:48,50.87,200.0
2009-09-30 10:37:16,50.8777,154.0
2009-09-30 10:37:22,50.86,400.0
2009-09-30 10:37:31,50.8654,100.0
2009-09-30 10:38:06,50.8354,100.0
2009-09-30 10:39:13,50.8431,100.0
2009-09-30 10:39:45,50.8554,152.0
2009-09-30 10:40:16,50.83,243.0
2009-09-30 10:40:46,50.8252,300.0
2009-09-30 10:42:01,50.8154,490.0
2009-09-30 10:42:06,50.81,100.0
2009-09-30 10:42:10,50.8254,379.0
2009-09-30 10:42:17,50.809,100.0
2009-09-30 10:42:17,50.808,100.0
2009-09-30 10:42:20,50.79,100.0
2009-09-30 10:42:20,50.78,100.0
2009-09-30 10:42:24,50.8,100.0
2009-09-30 10:42:24,50.8,100.0
2009-09-30 10:44:16,50.81399999999999,555.0
2009-09-30 10:44:58,50.8223,327.0
2009-09-30 10:49:34,50.828,585.0
2009-09-30 10:51:26,50.86,134.0
2009-09-30 10:53:00,50.8754,100.0
2009-09-30 10:53:01,50.8652,482.0
2009-09-30 10:53:33,50.88,100.0
2009-09-30 10:54:02,50.87,127.0
2009-09-30 10:56:26,50.851000000000006,1500.0
2009-09-30 10:56:44,50.854,185.0
2009-09-30 10:58:03,50.8375,120.0
2009-09-30 10:59:05,50.849,100.0
2009-09-30 11:01:19,50.879,100.0
2009-09-30 11:02:00,50.8899,100.0
2009-09-30 11:02:45,50.93,1633.0
2009-09-30 11:04:07,50.94,100.0
2009-09-30 11:05:24,50.95,100.0
2009-09-30 11:05:40,50.94,100.0
2009-09-30 11:06:00,50.96,272.0
2009-09-30 11:06:21,50.9697,670.0
2009-09-30 11:06:29,50.95,200.0
2009-09-30 11:06:29,50.95,100.0
2009-09-30 11:06:33,50.95,200.0
2009-09-30 11:06:35,50.96,100.0
2009-09-30 11:06:38,50.9591,287.0
2009-09-30 11:06:38,50.96,300.0
2009-09-30 11:08:37,50.9575,108.0
2009-09-30 11:10:05,50.9123,300.0
2009-09-30 11:11:52,50.94,400.0
2009-09-30 11:12:42,50.9485,135.0
2009-09-30 11:15:43,50.92,200.0
2009-09-30 11:15:43,50.92,100.0
2009-09-30 11:15:43,50.92,500.0
2009-09-30 11:15:43,50.92,500.0
2009-09-30 11:15:43,50.92,200.0
2009-09-30 11:15:43,50.92,800.0
2009-09-30 11:15:43,50.93,100.0
2009-09-30 11:15:43,50.92,504.0
2009-09-30 11:15:43,50.93,100.0
2009-09-30 11:15:55,50.94,100.0
2009-09-30 11:15:55,50.9486,100.0
2009-09-30 11:15:55,50.9492,100.0
2009-09-30 11:15:55,50.9493,100.0
2009-09-30 11:15:55,50.949,100.0
2009-09-30 11:15:56,50.938,100.0
2009-09-30 11:18:38,50.98,100.0
2009-09-30 11:19:24,50.981,325.0
2009-09-30 11:19:51,50.962,1127.0
2009-09-30 11:21:31,50.97,200.0
2009-09-30 11:23:18,50.9875,390.0
2009-09-30 11:23:23,50.9874,132.0
2009-09-30 11:23:50,50.97,100.0
2009-09-30 11:24:58,50.9866,152.0
2009-09-30 11:25:26,51.03,100.0
2009-09-30 11:26:43,51.02,200.0
2009-09-30 11:26:43,51.02,100.0
2009-09-30 11:26:43,51.02,100.0
2009-09-30 11:26:51,51.0285,108.0
2009-09-30 11:27:11,51.0335,227.0
2009-09-30 11:27:26,51.04600000000001,118.0
2009-09-30 11:28:56,51.0181,1451.0
2009-09-30 11:29:22,51.012,136.0
2009-09-30 11:30:11,51.0,100.0
2009-09-30 11:30:12,51.0,200.0
2009-09-30 11:30:27,50.998000000000005,118.0
2009-09-30 11:31:07,51.01,100.0
2009-09-30 11:31:07,51.01,200.0
2009-09-30 11:31:07,51.00899999999999,165.0
2009-09-30 11:31:08,51.01,100.0
2009-09-30 11:32:05,51.02,200.0
2009-09-30 11:32:05,51.02,100.0
2009-09-30 11:32:06,51.04,100.0
2009-09-30 11:32:06,51.04,300.0
2009-09-30 11:32:06,51.04,500.0
2009-09-30 11:32:06,51.04,183.0
2009-09-30 11:32:34,51.06,1100.0
2009-09-30 11:32:34,51.0576,1696.0
2009-09-30 11:32:43,51.0575,104.0
2009-09-30 11:32:44,51.05,104.0
2009-09-30 11:32:44,51.04,190.0
2009-09-30 11:33:09,51.03,300.0
2009-09-30 11:34:19,51.0125,130.0
2009-09-30 11:35:12,51.01,100.0
2009-09-30 11:35:58,50.99,300.0
2009-09-30 11:35:58,50.99,100.0
2009-09-30 11:35:58,50.99,100.0
2009-09-30 11:36:14,50.99,109.0
2009-09-30 11:36:29,50.981,120.0
2009-09-30 11:37:03,50.989,514.0
2009-09-30 11:39:27,50.95,145.0
2009-09-30 11:40:18,50.9582,258.0
2009-09-30 11:40:42,50.92,500.0
2009-09-30 11:40:42,50.92,290.0
2009-09-30 11:40:42,50.92,394.0
2009-09-30 11:40:42,50.92,200.0
2009-09-30 11:40:42,50.92,400.0
2009-09-30 11:40:42,50.92,300.0
2009-09-30 11:40:42,50.92,100.0
2009-09-30 11:40:42,50.91,198.0
2009-09-30 11:40:42,50.91,100.0
2009-09-30 11:40:43,50.91,200.0
2009-09-30 11:40:55,50.91,100.0
2009-09-30 11:40:55,50.91,100.0
2009-09-30 11:41:07,50.92,400.0
2009-09-30 11:41:07,50.92,104.0
2009-09-30 11:41:22,50.92,1177.0
2009-09-30 11:41:22,50.93,100.0
2009-09-30 11:41:22,50.93,500.0
2009-09-30 11:42:17,50.92,393.0
2009-09-30 11:42:17,50.92,198.0
2009-09-30 11:42:17,50.92,109.0
2009-09-30 11:42:32,50.91,197.0
2009-09-30 11:43:41,50.93,109.0
2009-09-30 11:45:08,50.938,350.0
2009-09-30 11:47:37,50.93,100.0
2009-09-30 11:47:37,50.94,100.0
2009-09-30 11:47:59,50.93,200.0
2009-09-30 11:47:59,50.93,100.0
2009-09-30 11:48:16,50.9284,170.0
2009-09-30 11:50:02,50.933,265.0
2009-09-30 11:50:42,50.96,103.0
2009-09-30 11:53:09,50.96,402.0
2009-09-30 11:53:15,50.95,1846.0
2009-09-30 11:53:17,50.9686,100.0
2009-09-30 11:53:17,50.9688,100.0
2009-09-30 11:55:41,51.0182,100.0
2009-09-30 11:57:13,51.04600000000001,191.0
2009-09-30 11:57:35,51.06,300.0
2009-09-30 11:57:40,51.076,1272.0
2009-09-30 11:58:47,51.06,1462.0
2009-09-30 11:58:56,51.06,100.0
2009-09-30 12:00:23,51.01,200.0
2009-09-30 12:02:04,51.0492,170.0
2009-09-30 12:03:00,51.03,100.0
2009-09-30 12:03:45,51.0246,100.0
2009-09-30 12:04:20,51.04,161.0
2009-09-30 12:04:55,51.0148,105.0
2009-09-30 12:05:28,51.0,400.0
2009-09-30 12:06:27,50.9904,444.0
2009-09-30 12:08:26,51.0,200.0
2009-09-30 12:08:27,51.0,170.0
2009-09-30 12:08:42,50.9967,300.0
2009-09-30 12:11:57,51.0184,868.0
2009-09-30 12:15:14,51.0015,200.0
2009-09-30 12:16:03,51.04,400.0
2009-09-30 12:16:03,51.04,273.0
2009-09-30 12:16:10,51.07,190.0
2009-09-30 12:16:32,51.09,100.0
2009-09-30 12:16:32,51.1,100.0
2009-09-30 12:16:48,51.1,100.0
2009-09-30 12:16:53,51.09,400.0
2009-09-30 12:16:53,51.09,100.0
2009-09-30 12:16:54,51.0999,100.0
2009-09-30 12:21:27,51.0525,342.0
2009-09-30 12:21:45,51.07,175.0
2009-09-30 12:24:08,51.069,600.0
2009-09-30 12:24:19,51.051,285.0
2009-09-30 12:24:19,51.051,300.0
2009-09-30 12:24:19,51.051,200.0
2009-09-30 12:25:29,51.074,525.0
2009-09-30 12:26:40,51.11,101.0
2009-09-30 12:27:25,51.085,397.0
2009-09-30 12:29:03,51.088,110.0
2009-09-30 12:30:12,51.11,100.0
2009-09-30 12:32:29,51.148,125.0
2009-09-30 12:32:46,51.1582,100.0
2009-09-30 12:33:41,51.18,300.0
2009-09-30 12:33:42,51.17,100.0
2009-09-30 12:37:51,51.17,145.0
2009-09-30 12:38:13,51.168,160.0
2009-09-30 12:38:40,51.1646,342.0
2009-09-30 12:40:11,51.1407,100.0
2009-09-30 12:40:11,51.1405,100.0
2009-09-30 12:40:11,51.1314,100.0
2009-09-30 12:40:11,51.1312,100.0
2009-09-30 12:40:11,51.1308,100.0
2009-09-30 12:40:11,51.1305,200.0
2009-09-30 12:40:11,51.1305,100.0
2009-09-30 12:40:13,51.13,1003.0
2009-09-30 12:40:13,51.13,4800.0
2009-09-30 12:40:48,51.15,100.0
2009-09-30 12:41:08,51.18,100.0
2009-09-30 12:41:33,51.19,100.0
2009-09-30 12:43:47,51.2044,350.0
2009-09-30 12:44:35,51.1997,100.0
2009-09-30 12:44:42,51.1998,100.0
2009-09-30 12:44:55,51.19,100.0
2009-09-30 12:45:43,51.198,291.0
2009-09-30 12:47:41,51.23,200.0
2009-09-30 12:48:09,51.25,100.0
2009-09-30 12:48:14,51.28,710.0
2009-09-30 12:48:53,51.279,260.0
2009-09-30 12:49:14,51.26,200.0
2009-09-30 12:50:01,51.24,100.0
2009-09-30 12:50:01,51.24,400.0
2009-09-30 12:50:07,51.24,400.0
2009-09-30 12:50:07,51.24,100.0
2009-09-30 12:51:34,51.2518,167.0
2009-09-30 12:53:33,51.31,500.0
2009-09-30 12:53:33,51.31,400.0
2009-09-30 12:53:33,51.308,1517.0
2009-09-30 12:54:15,51.3,200.0
2009-09-30 12:54:15,51.298,200.0
2009-09-30 12:54:37,51.3,300.0
2009-09-30 12:55:49,51.3108,614.0
2009-09-30 12:56:19,51.34,300.0
2009-09-30 13:00:01,51.33,400.0
2009-09-30 13:00:03,51.35,177.0
2009-09-30 13:00:03,51.34,177.0
2009-09-30 13:00:03,51.34,593.0
2009-09-30 13:00:03,51.34,198.0
2009-09-30 13:00:03,51.34,109.0
2009-09-30 13:00:04,51.35,100.0
2009-09-30 13:00:04,51.35,177.0
2009-09-30 13:00:04,51.35,200.0
2009-09-30 13:00:04,51.35,123.0
2009-09-30 13:00:08,51.34,200.0
2009-09-30 13:00:08,51.34,105.0
2009-09-30 13:00:08,51.34,100.0
2009-09-30 13:00:08,51.34,200.0
2009-09-30 13:00:16,51.4,1000.0
2009-09-30 13:01:28,51.47,105.0
2009-09-30 13:03:31,51.442,100.0
2009-09-30 13:04:44,51.45,295.0
2009-09-30 13:05:29,51.5,500.0
2009-09-30 13:05:41,51.5196,100.0
2009-09-30 13:07:21,51.47,299.0
2009-09-30 13:07:21,51.47,500.0
2009-09-30 13:10:29,51.43,200.0
2009-09-30 13:10:36,51.433,316.0
2009-09-30 13:10:43,51.426,1000.0
2009-09-30 13:11:16,51.4365,216.0
2009-09-30 13:12:46,51.4301,1000.0
2009-09-30 13:13:54,51.4601,570.0
2009-09-30 13:16:35,51.4499,1065.0
2009-09-30 13:17:40,51.438,700.0
2009-09-30 13:18:03,51.429,487.0
2009-09-30 13:18:55,51.406000000000006,1065.0
2009-09-30 13:19:37,51.416,1065.0
2009-09-30 13:21:56,51.46,400.0
2009-09-30 13:23:25,51.466,157.0
2009-09-30 13:24:04,51.446000000000005,115.0
2009-09-30 13:25:46,51.446000000000005,205.0
2009-09-30 13:26:59,51.4236,200.0
2009-09-30 13:27:29,51.422,199.0
2009-09-30 13:27:29,51.424,2915.0
2009-09-30 13:31:12,51.408,1000.0
2009-09-30 13:32:37,51.4125,200.0
2009-09-30 13:34:59,51.3976,200.0
2009-09-30 13:35:12,51.3925,170.0
2009-09-30 13:37:27,51.41,400.0
2009-09-30 13:37:27,51.41,600.0
2009-09-30 13:39:05,51.3792,301.0
2009-09-30 13:41:33,51.3356,584.0
2009-09-30 13:43:50,51.3226,152.0
2009-09-30 13:45:20,51.333,300.0
2009-09-30 13:46:59,51.3182,109.0
2009-09-30 13:48:45,51.3108,800.0
2009-09-30 13:48:53,51.3361,970.0
2009-09-30 13:48:54,51.3348,300.0
2009-09-30 13:48:55,51.3348,490.0
2009-09-30 13:48:56,51.3361,585.0
2009-09-30 13:48:56,51.34,300.0
2009-09-30 13:48:57,51.3361,1055.0
2009-09-30 13:49:04,51.338,375.0
2009-09-30 13:49:07,51.3398,100.0
2009-09-30 13:50:01,51.346,400.0
2009-09-30 13:51:45,51.355,213.0
2009-09-30 13:52:05,51.37,200.0
2009-09-30 13:52:57,51.38,350.0
2009-09-30 13:53:32,51.38,100.0
2009-09-30 13:53:32,51.38,200.0
2009-09-30 13:53:38,51.3765,200.0
2009-09-30 13:53:51,51.38,300.0
2009-09-30 13:54:18,51.4,108.0
2009-09-30 13:55:42,51.4,100.0
2009-09-30 13:57:14,51.38,200.0
2009-09-30 13:59:15,51.37,100.0
2009-09-30 13:59:23,51.358,401.0
2009-09-30 14:01:34,51.29,100.0
2009-09-30 14:03:45,51.294,447.0
2009-09-30 14:05:11,51.3525,217.0
2009-09-30 14:05:56,51.34,252.0
2009-09-30 14:06:00,51.3453,200.0
2009-09-30 14:06:05,51.3403,856.0
2009-09-30 14:10:54,51.338,100.0
2009-09-30 14:12:56,51.3378,526.0
2009-09-30 14:17:43,51.39,100.0
2009-09-30 14:19:33,51.394,806.0
2009-09-30 14:20:11,51.41,100.0
2009-09-30 14:20:11,51.4,100.0
2009-09-30 14:20:57,51.3965,142.0
2009-09-30 14:25:41,51.356,175.0
2009-09-30 14:28:17,51.36,200.0
2009-09-30 14:29:20,51.3618,295.0
2009-09-30 14:29:45,51.352,364.0
2009-09-30 14:30:18,51.35,100.0
2009-09-30 14:30:24,51.33,300.0
2009-09-30 14:30:38,51.3,100.0
2009-09-30 14:30:38,51.3,100.0
2009-09-30 14:31:48,51.3,100.0
2009-09-30 14:32:06,51.28,200.0
2009-09-30 14:32:56,51.3001,100.0
2009-09-30 14:32:56,51.3,123.0
2009-09-30 14:32:56,51.3001,123.0
2009-09-30 14:32:56,51.3,177.0
2009-09-30 14:32:56,51.3001,177.0
2009-09-30 14:32:56,51.307,134.0
2009-09-30 14:32:56,51.307,5500.0
2009-09-30 14:33:39,51.31,500.0
2009-09-30 14:33:39,51.308,1071.0
2009-09-30 14:35:25,51.34,300.0
2009-09-30 14:35:25,51.34,149.0
2009-09-30 14:35:25,51.34,500.0
2009-09-30 14:38:08,51.37,100.0
2009-09-30 14:38:16,51.36,192.0
2009-09-30 14:38:33,51.357,650.0
2009-09-30 14:39:56,51.3589,100.0
2009-09-30 14:39:56,51.3592,100.0
2009-09-30 14:39:56,51.359,400.0
2009-09-30 14:39:57,51.356,500.0
2009-09-30 14:39:57,51.356,400.0
2009-09-30 14:39:58,51.348,100.0
2009-09-30 14:40:09,51.34,150.0
2009-09-30 14:41:36,51.354,1005.0
2009-09-30 14:41:45,51.3652,200.0
2009-09-30 14:42:10,51.367,894.0
2009-09-30 14:43:30,51.4215,175.0
2009-09-30 14:43:48,51.424,150.0
2009-09-30 14:44:38,51.43,967.0
2009-09-30 14:46:57,51.4297,1000.0
2009-09-30 14:47:05,51.4246,400.0
2009-09-30 14:47:14,51.43600000000001,281.0
2009-09-30 14:48:31,51.41,100.0
2009-09-30 14:49:23,51.41,285.0
2009-09-30 14:49:37,51.408,200.0
2009-09-30 14:49:43,51.38,100.0
2009-09-30 14:49:44,51.36,197.0
2009-09-30 14:49:59,51.36,100.0
2009-09-30 14:49:59,51.37,200.0
2009-09-30 14:50:02,51.36,100.0
2009-09-30 14:51:57,51.292,452.0
2009-09-30 14:52:08,51.31,1200.0
2009-09-30 14:52:51,51.31,200.0
2009-09-30 14:53:27,51.3008,165.0
2009-09-30 14:54:23,51.29,300.0
2009-09-30 14:54:24,51.28,200.0
2009-09-30 14:54:24,51.28,300.0
2009-09-30 14:54:29,51.268,200.0
2009-09-30 14:55:26,51.24,200.0
2009-09-30 14:55:51,51.2699,1400.0
2009-09-30 14:57:30,51.27,300.0
2009-09-30 14:58:47,51.264,231.0
2009-09-30 14:58:48,51.26,500.0
2009-09-30 14:58:48,51.26,1124.0
2009-09-30 14:59:33,51.23,400.0
2009-09-30 14:59:59,51.2,200.0
2009-09-30 14:59:59,51.2,100.0
2009-09-30 15:00:00,51.2,300.0
2009-09-30 15:00:01,51.2,100.0
2009-09-30 15:00:01,51.2,400.0
2009-09-30 15:00:01,51.19,100.0
2009-09-30 15:00:02,51.15,100.0
2009-09-30 15:00:02,51.15,300.0
2009-09-30 15:00:02,51.15,300.0
2009-09-30 15:00:02,51.15,1600.0
2009-09-30 15:00:03,51.16,100.0
2009-09-30 15:00:22,51.15,100.0
2009-09-30 15:00:52,51.15,100.0
2009-09-30 15:00:52,51.15,218.0
2009-09-30 15:00:52,51.14,300.0
2009-09-30 15:00:53,51.13,400.0
2009-09-30 15:01:34,51.104,2526.0
2009-09-30 15:01:42,51.1,200.0
2009-09-30 15:02:06,51.08,100.0
2009-09-30 15:02:06,51.08,128.0
2009-09-30 15:02:37,51.09,100.0
2009-09-30 15:03:20,51.09,200.0
2009-09-30 15:03:34,51.08,200.0
2009-09-30 15:03:38,51.06,200.0
2009-09-30 15:03:42,51.06,300.0
2009-09-30 15:03:42,51.08,300.0
2009-09-30 15:03:43,51.07,200.0
2009-09-30 15:03:48,51.07,300.0
2009-09-30 15:03:57,51.067,1003.0
2009-09-30 15:04:01,51.06,100.0
2009-09-30 15:04:09,51.0401,300.0
2009-09-30 15:04:10,51.03,100.0
2009-09-30 15:04:23,51.05,100.0
2009-09-30 15:04:24,51.05,100.0
2009-09-30 15:04:56,51.07,300.0
2009-09-30 15:04:57,51.067,242.0
2009-09-30 15:05:35,51.06100000000001,175.0
2009-09-30 15:05:38,51.07,200.0
2009-09-30 15:06:01,51.06,200.0
2009-09-30 15:06:01,51.05,300.0
2009-09-30 15:06:26,51.0034,216.0
2009-09-30 15:07:48,51.035,311.0
2009-09-30 15:09:12,51.02,400.0
2009-09-30 15:09:12,51.01,100.0
2009-09-30 15:09:12,51.01,400.0
2009-09-30 15:09:17,51.01,200.0
2009-09-30 15:09:22,51.0,100.0
2009-09-30 15:09:32,50.98,200.0
2009-09-30 15:09:32,50.98,300.0
2009-09-30 15:09:32,50.9825,1485.0
2009-09-30 15:09:38,51.04,100.0
2009-09-30 15:09:38,51.03,225.0
2009-09-30 15:09:51,51.03,400.0
2009-09-30 15:10:26,51.05,101.0
2009-09-30 15:11:24,50.99,100.0
2009-09-30 15:12:04,50.99,200.0
2009-09-30 15:12:58,50.97,300.0
2009-09-30 15:13:06,50.97,500.0
2009-09-30 15:13:30,50.96,100.0
2009-09-30 15:13:31,50.96,200.0
2009-09-30 15:13:57,50.9501,200.0
2009-09-30 15:14:13,50.96,102.0
2009-09-30 15:14:47,50.97,300.0
2009-09-30 15:14:47,50.97,300.0
2009-09-30 15:15:01,50.95,300.0
2009-09-30 15:16:01,50.968,204.0
2009-09-30 15:16:18,50.96,100.0
2009-09-30 15:16:25,50.928,168.0
2009-09-30 15:16:31,50.9404,101.0
2009-09-30 15:17:12,50.98,300.0
2009-09-30 15:17:12,50.98,200.0
2009-09-30 15:17:40,50.9899,100.0
2009-09-30 15:19:32,51.02,200.0
2009-09-30 15:20:21,51.04,100.0
2009-09-30 15:21:23,51.05,200.0
2009-09-30 15:25:12,50.98,127.0
2009-09-30 15:25:36,51.01,300.0
2009-09-30 15:26:05,51.01,152.0
2009-09-30 15:26:40,51.021,150.0
2009-09-30 15:29:00,51.07,154.0
2009-09-30 15:29:17,51.04,200.0
2009-09-30 15:29:17,51.04,300.0
2009-09-30 15:29:19,51.02,300.0
2009-09-30 15:30:09,50.961000000000006,157.0
2009-09-30 15:30:20,50.9475,274.0
2009-09-30 15:31:11,50.99,200.0
2009-09-30 15:31:15,50.996,123.0
2009-09-30 15:31:21,51.0,300.0
2009-09-30 15:32:02,51.02,200.0
2009-09-30 15:32:10,51.001000000000005,163.0
2009-09-30 15:32:22,51.0275,320.0
2009-09-30 15:32:48,51.031000000000006,100.0
2009-09-30 15:32:49,51.0435,145.0
2009-09-30 15:33:13,51.05,130.0
2009-09-30 15:33:21,51.06,100.0
2009-09-30 15:33:24,51.04,118.0
2009-09-30 15:33:43,51.06,300.0
2009-09-30 15:33:43,51.06,200.0
2009-09-30 15:33:43,51.07,106.0
2009-09-30 15:33:44,51.08,100.0
2009-09-30 15:33:46,51.09,100.0
2009-09-30 15:33:47,51.1,400.0
2009-09-30 15:35:01,51.12,200.0
2009-09-30 15:36:00,51.11,200.0
2009-09-30 15:36:00,51.1155,326.0
2009-09-30 15:36:07,51.119,310.0
2009-09-30 15:36:17,51.11,100.0
2009-09-30 15:36:19,51.08,300.0
2009-09-30 15:36:54,51.075,470.0
2009-09-30 15:38:05,51.09,300.0
2009-09-30 15:38:07,51.1,305.0
2009-09-30 15:38:57,51.0835,490.0
2009-09-30 15:39:06,51.09,120.0
2009-09-30 15:39:36,51.093,790.0
2009-09-30 15:40:10,51.09,200.0
2009-09-30 15:40:15,51.0822,100.0
2009-09-30 15:40:27,51.1,300.0
2009-09-30 15:41:21,51.17,200.0
2009-09-30 15:41:38,51.13,100.0
2009-09-30 15:42:01,51.14,300.0
2009-09-30 15:42:06,51.12,100.0
2009-09-30 15:42:07,51.1208,306.0
2009-09-30 15:42:22,51.1246,190.0
2009-09-30 15:42:28,51.12,100.0
2009-09-30 15:42:28,51.12,106.0
2009-09-30 15:43:53,51.13,300.0
2009-09-30 15:43:56,51.12,300.0
2009-09-30 15:43:56,51.12,400.0
2009-09-30 15:43:58,51.1,300.0
2009-09-30 15:43:59,51.07,300.0
2009-09-30 15:43:59,51.07,200.0
2009-09-30 15:44:10,51.09,300.0
2009-09-30 15:44:23,51.06,200.0
2009-09-30 15:44:26,51.08,162.0
2009-09-30 15:44:27,51.1,162.0
2009-09-30 15:44:28,51.08,200.0
2009-09-30 15:44:52,51.09,326.0
2009-09-30 15:45:30,51.05,100.0
2009-09-30 15:45:57,51.07,400.0
2009-09-30 15:47:45,51.11600000000001,116.0
2009-09-30 15:47:47,51.112,225.0
2009-09-30 15:48:29,51.15,200.0
2009-09-30 15:48:31,51.15,200.0
2009-09-30 15:48:36,51.17,100.0
2009-09-30 15:48:40,51.18,100.0
2009-09-30 15:48:48,51.194,196.0
2009-09-30 15:48:54,51.21,300.0
2009-09-30 15:48:54,51.21,1169.0
2009-09-30 15:48:55,51.2,700.0
2009-09-30 15:49:03,51.192,150.0
2009-09-30 15:49:04,51.2004,196.0
2009-09-30 15:49:51,51.2,200.0
2009-09-30 15:50:15,51.23,400.0
2009-09-30 15:50:15,51.23,200.0
2009-09-30 15:50:25,51.21,262.0
2009-09-30 15:50:25,51.2,176.0
2009-09-30 15:50:25,51.21,262.0
2009-09-30 15:50:25,51.19,200.0
2009-09-30 15:50:48,51.202,184.0
2009-09-30 15:51:31,51.29,200.0
2009-09-30 15:52:37,51.23,100.0
2009-09-30 15:52:44,51.25,145.0
2009-09-30 15:52:50,51.26,109.0
2009-09-30 15:53:05,51.2403,100.0
2009-09-30 15:53:30,51.26,101.0
2009-09-30 15:53:53,51.21,108.0
2009-09-30 15:53:53,51.21,673.0
2009-09-30 15:53:59,51.2,800.0
2009-09-30 15:54:41,51.21,200.0
2009-09-30 15:54:49,51.2,200.0
2009-09-30 15:55:10,51.21,300.0
2009-09-30 15:55:18,51.2,300.0
2009-09-30 15:55:18,51.2,200.0
2009-09-30 15:55:40,51.2267,200.0
2009-09-30 15:55:51,51.26,135.0
2009-09-30 15:55:53,51.24,200.0
2009-09-30 15:55:54,51.24,200.0
2009-09-30 15:56:18,51.25,199.0
2009-09-30 15:56:18,51.25,300.0
2009-09-30 15:56:32,51.25,293.0
2009-09-30 15:57:07,51.25,198.0
2009-09-30 15:57:07,51.25,195.0
2009-09-30 15:57:26,51.28,300.0
2009-09-30 15:57:26,51.28,200.0
2009-09-30 15:57:26,51.28,200.0
2009-09-30 15:57:51,51.28,102.0
2009-09-30 15:58:19,51.26,301.0
2009-09-30 15:58:25,51.24,300.0
2009-09-30 15:58:28,51.22,300.0
2009-09-30 15:58:28,51.22,100.0
2009-09-30 15:58:28,51.22,219.0
2009-09-30 15:58:33,51.2,200.0
2009-09-30 15:58:34,51.2,300.0
2009-09-30 15:58:38,51.18,191.0
2009-09-30 15:58:42,51.18,200.0
2009-09-30 15:58:42,51.18,100.0
2009-09-30 15:58:42,51.18,600.0
2009-09-30 15:58:56,51.17,300.0
2009-09-30 15:58:56,51.17,100.0
2009-09-30 15:58:56,51.16,100.0
2009-09-30 15:59:01,51.18,200.0
2009-09-30 15:59:01,51.18,300.0
2009-09-30 15:59:01,51.18,300.0
2009-09-30 15:59:04,51.17,200.0
2009-09-30 15:59:07,51.15,200.0
2009-09-30 15:59:18,51.12,293.0
2009-09-30 15:59:26,51.14,1000.0
2009-09-30 15:59:36,51.13,300.0
2009-09-30 15:59:55,51.17,138.0
2009-09-30 15:59:58,51.16,100.0
2009-09-30 15:59:59,51.15,100.0
2009-09-30 16:00:00,51.17,183.0
2009-09-30 16:00:00,51.19,200.0
2009-09-30 16:00:00,51.19,400.0
2009-09-30 16:00:00,51.19,300.0
2009-09-30 16:00:00,51.19,3400.0
2009-09-30 16:00:00,51.19,334.0
2009-09-30 16:09:13,51.18,200.0
2009-09-30 16:09:13,51.19,1800.0
2009-09-30 16:09:14,51.19,100.0
2009-09-30 16:10:08,51.29,100.0
2009-10-01 09:20:02,51.16,300.0
2009-10-01 09:27:29,51.14,500.0
2009-10-01 09:27:35,51.14,1000.0
2009-10-01 09:29:49,51.12,500.0
2009-10-01 09:29:50,51.12,700.0
2009-10-01 09:29:50,51.12,1200.0
2009-10-01 09:29:50,51.12,300.0
2009-10-01 09:29:51,51.12,1500.0
2009-10-01 09:29:52,51.12,500.0
2009-10-01 09:29:55,51.09,1000.0
2009-10-01 09:29:55,51.09,500.0
2009-10-01 09:30:01,51.09,226.0
2009-10-01 09:30:02,51.05,100.0
2009-10-01 09:30:02,51.05,300.0
2009-10-01 09:30:02,51.01,136.0
2009-10-01 09:30:03,51.01,100.0
2009-10-01 09:30:07,51.01,100.0
2009-10-01 09:30:07,51.0,300.0
2009-10-01 09:30:07,50.98,100.0
2009-10-01 09:30:07,50.98,300.0
2009-10-01 09:30:12,50.98,177.0
2009-10-01 09:31:02,50.99,100.0
2009-10-01 09:31:08,51.01,1000.0
2009-10-01 09:31:09,51.01,300.0
2009-10-01 09:31:22,51.0,200.0
2009-10-01 09:31:32,50.98,100.0
2009-10-01 09:31:35,50.95,500.0
2009-10-01 09:31:57,50.96,400.0
2009-10-01 09:31:57,50.96,500.0
2009-10-01 09:31:57,50.96,200.0
2009-10-01 09:32:10,50.97,200.0
2009-10-01 09:32:17,50.96,300.0
2009-10-01 09:32:19,50.96,400.0
2009-10-01 09:32:27,50.92,100.0
2009-10-01 09:32:27,50.92,100.0
2009-10-01 09:32:27,50.92,200.0
2009-10-01 09:32:29,50.94,300.0
2009-10-01 09:32:29,50.94,200.0
2009-10-01 09:32:39,50.93,200.0
2009-10-01 09:33:02,50.93,100.0
2009-10-01 09:33:19,50.94,100.0
2009-10-01 09:33:30,50.9475,550.0
2009-10-01 09:34:04,50.93,100.0
2009-10-01 09:34:24,50.93,400.0
2009-10-01 09:34:44,50.98,500.0
2009-10-01 09:34:45,50.9699,400.0
2009-10-01 09:34:54,50.95,100.0
2009-10-01 09:34:54,50.95,100.0
2009-10-01 09:35:19,50.79,300.0
2009-10-01 09:35:19,50.79,200.0
2009-10-01 09:35:19,50.79,400.0
2009-10-01 09:35:21,50.8,200.0
2009-10-01 09:35:21,50.8,245.0
2009-10-01 09:35:21,50.8,300.0
2009-10-01 09:35:21,50.8,255.0
2009-10-01 09:35:21,50.83,100.0
2009-10-01 09:35:40,50.75,100.0
2009-10-01 09:36:32,50.77,300.0
2009-10-01 09:36:32,50.77,200.0
2009-10-01 09:36:32,50.77,100.0
2009-10-01 09:36:32,50.78,200.0
2009-10-01 09:36:46,50.81,100.0
2009-10-01 09:37:14,50.77,400.0
2009-10-01 09:37:14,50.77,100.0
2009-10-01 09:37:35,50.78,100.0
2009-10-01 09:37:35,50.76,100.0
2009-10-01 09:37:39,50.766000000000005,6641.0
2009-10-01 09:38:33,50.81,200.0
2009-10-01 09:38:40,50.81,200.0
2009-10-01 09:39:37,50.83,500.0
2009-10-01 09:39:37,50.83,140.0
2009-10-01 09:39:37,50.83,100.0
2009-10-01 09:39:37,50.83,400.0
2009-10-01 09:39:37,50.82,100.0
2009-10-01 09:39:41,50.82,108.0
2009-10-01 09:40:01,50.82,100.0
2009-10-01 09:40:10,50.81,400.0
2009-10-01 09:40:10,50.81,100.0
2009-10-01 09:40:10,50.81,200.0
2009-10-01 09:40:10,50.81,300.0
2009-10-01 09:40:20,50.83,400.0
2009-10-01 09:40:26,50.83,200.0
2009-10-01 09:41:58,50.836000000000006,194.0
2009-10-01 09:42:28,50.844,416.0
2009-10-01 09:43:04,50.8,300.0
2009-10-01 09:43:04,50.8,100.0
2009-10-01 09:43:28,50.815,132.0
2009-10-01 09:43:36,50.82,132.0
2009-10-01 09:43:49,50.84,500.0
2009-10-01 09:43:49,50.84,200.0
2009-10-01 09:43:58,50.844,1475.0
2009-10-01 09:44:29,50.83,100.0
2009-10-01 09:45:02,50.81,400.0
2009-10-01 09:45:02,50.81,200.0
2009-10-01 09:45:14,50.83,490.0
2009-10-01 09:45:40,50.82,300.0
2009-10-01 09:45:57,50.8065,295.0
2009-10-01 09:46:03,50.81,400.0
2009-10-01 09:47:17,50.83,200.0
2009-10-01 09:47:21,50.82,300.0
2009-10-01 09:47:21,50.82,300.0
2009-10-01 09:47:28,50.84,300.0
2009-10-01 09:47:59,50.84,294.0
2009-10-01 09:48:11,50.8348,490.0
2009-10-01 09:48:27,50.84,500.0
2009-10-01 09:49:06,50.86,100.0
2009-10-01 09:49:08,50.89,200.0
2009-10-01 09:49:08,50.8899,200.0
2009-10-01 09:49:13,50.9025,196.0
2009-10-01 09:49:13,50.9,196.0
2009-10-01 09:50:04,50.87,323.0
2009-10-01 09:50:36,50.85,394.0
2009-10-01 09:50:36,50.85,198.0
2009-10-01 09:50:36,50.85,2000.0
2009-10-01 09:50:36,50.84,400.0
2009-10-01 09:50:36,50.84,1200.0
2009-10-01 09:50:36,50.85,300.0
2009-10-01 09:50:37,50.83,1000.0
2009-10-01 09:50:37,50.82,677.0
2009-10-01 09:50:37,50.82,623.0
2009-10-01 09:50:37,50.82,165.0
2009-10-01 09:50:37,50.82,296.0
2009-10-01 09:51:51,50.82,200.0
2009-10-01 09:51:51,50.82,200.0
